2670 4778
268 406 273 413 '
327 442 373 507 g
429 420 770 489 [uersurum.
1065 426 1128 504 227¹

152 520 159 548 l

126 568 236 623 P.151.
270 554 755 632 drouart-vquadueda'da'eet.
793 565 1124 635 Stephanus-serlbiiu-·
1206 622 1212 643 ,

58 640 208 721 lrebat'dri,
230 666 263 706 ut
283 651 349 706 baec
368 649 457 704 verba
469 649 649 705 cohaererent
659 666 723 703 eum
738 651 966 708 antecedentibus
983 656 1115 730 καθάπερ
1185 686 1189 697 ·

58 734 152 806 impie
168 735 198 792 δέ
218 758 260 794 τις
279 752 350 792 cau:
382 735 623 808 quemadmodum
645 735 703 789 duo
726 734 904 791 medicorum
924 758 1121 813 generarunt,

60 841 187 895 quorum
201 822 321 876 alterurn
337 822 389 875 hac
398 818 518 882 ratione,
536 822 654 877 alterum
668 821 718 875 illa
727 821 811 875 nobis
825 823 934 877 mederi
946 825 1018 881 solet
1030 829 1074 897 (h.
1085 850 1121 894 e.⁸

58 906 148 962 sicuti
165 908 294 964 medicus
314 915 401 968 unu's.
420 905 499 961 nulla
513 909 696 977 persuasione
716 921 744 961 et
766 906 966 964 adhortatione
981 913 1118 984 adhibita,

58 1009 137 1048 sanat
156 1009 301 1065 aegrotos,
327 994 397 1048 alter
414 1010 484 1047 vero
505 991 568 1046 illas
585 993 731 1062 adhibet),
750 995 790 1048 sic
809 1006 860 1048 cet.
897 995 994 1048 Etiam
1008 1001 1120 1058 Ficinus

59 1081 163 1134 vertit:
184 1080 474 1144 „Afferamusautem
490 1077 521 1131 in
536 1079 664 1133 medium
680 1080 784 1133 modos
797 1079 932 1132 medendi
945 1081 1034 1150 duos,
1055 1089 1118 1158 qui·
1140 1072 1143 1087 ¹

52 1162 115 1218 ¹bue
138 1164 189 1218 alii
207 1160 312 1221 medici
331 1166 414 1220 aliter
437 1176 532 1217 curare
552 1180 780 1229 consueverunt,
802 1183 847 1227 ut,
875 1167 1119 1238 quemadmodum

60 1244 146 1322 pheri
164 1246 306 1305 medicum
328 1264 423 1311 orant,
440 1264 475 1304 ut
496 1250 583 1304 modo
597 1247 722 1323 quodam
736 1247 874 1307 facillime
890 1249 957 1320 (sic)
970 1271 1018 1308 eos
1033 1275 1120 1326 curet,

61 1338 142 1391 itaet
157 1354 207 1392 nos
220 1335 314 1408 legum
330 1335 482 1393 latorem‘f
523 1336 676 1399 Carnarius
698 1337 873 1408 corrigebat:
896 1335 915 1406 ἢ
930 1336 1060 1411 καθάπερ
1082 1342 1122 1399 ἴα.

62 1422 128 1490 roris
138 1442 188 1483 tes.
205 1419 220 1475 d
235 1424 288 1491 μὲν
301 1416 399 1487 circat,
417 1420 432 1474 d
445 1419 474 1475 di
487 1414 594 1476 inebries
608 1419 680 1489 ἡμᾶς
692 1425 790 1477 εἴωθεν
806 1421 933 1479 ἑκάστοτε
946 1428 1122 1496 θεραπεύειν,

60 1515 108 1560 καὶ
126 1504 206 1566 αὐτός
230 1502 302 1562 οὕτω
320 1506 448 1576 ποιήσειε
464 1512 552 1570 '‚,aut
573 1508 815 1581 quemadmodum
829 1510 957 1564 medicus
969 1513 1121 1589 quispiam,

63 1592 135 1646 alius
157 1593 221 1647 hoc·
233 1590 343 1654 niodo,
368 1591 441 1646 alius
463 1591 515 1645 illo
534 1610 586 1646 nos
606 1592 728 1649 subinde
746 1612 844 1648 aurare
863 1595 953 1659 solet,
976 1599 1021 1655 ise
1034 1603 1120 1658 etiam

60 1677 71 1729 i
74 1670 238 1759 psaiaciet?
247 1685 265 1712 ‘⁴
284 1666 286 1670 ‚
300 1680 334 1730 lu
353 1696 411 1748 quo
431 1672 537 1746 ποιήσει
549 1677 716 1751 praegressis
729 1677 926 1750 προσαγορεύοι
937 1698 988 1737 cet.
1005 1704 1065 1743 non
1079 1708 1122 1744 re.

64 1765 233 1836 sponderet;
251 1763 311 1837 ipse
328 1781 552 1862 quoqne'sensus
568 1782 633 1818 non.
643 1764 668 1818 is
681 1778 731 1828 est,
743 1783 827 1837 quern
841 1767 977 1821 orationis
992 1774 1124 1831 continu·

61 1847 121 1904 atio
137 1849 239 1923 poscit.
273 1851 337 1903 Hoc
350 1848 428 1902 enim
440 1847 532 1902 dicere
544 1848 667 1921 scriptor
678 1846 790 1905 voluit:
810 1851 1051 1924 quemadmodum
1062 1861 1121 1918 duo

61 1930 241 1990 medicorum
257 1954 359 2007 genera
373 1949 448 1998 sunt,
467 1935 508 1988 sic
520 1935 606 2009 etiam
620 1935 700 1990 duae·
693 1934 801 2010 legum
813 1936 970 1991 dandarum
984 1944 1120 2015 rationes,

13 2006 17 2019 Ι
61 2022 189 2076 severior
200 2022 286 2076 altera
297 2023 398 2093 (quse,
417 2019 496 2075 nulls
510 2021 696 2095 persuasione
711 2037 739 2077 et
753 2022 951 2078 admonitione
967 2034 1056 2092 utens,
1066 2047 1121 2086 sta·

62 2109 119 2160 tim
136 2106 260 2162 facienda
281 2106 448 2176 praescribit
466 2121 494 2160 et
507 2107 617 2163 delictis
632 2127 734 2182 poenas
750 2112 883 2183 irrogati,
904 2107 989 2167 altera
1004 2115 1120 2179 micion

61 2207 213 2265 utramque
227 2193 320 2265 igitur
336 2194 476 2247 rationem
493 2192 718 2255 consideremus,
734 2195 925 2270 legislatorem
943 2215 1069 2266 orantes,
1090 2222 1124 2262 ut

62 2277 214 2351 mitiorem
234 2278 314 2333 illam
337 2279 477 2336 adhibeat.
513 2279 569 2334 Sed
584 2293 695 2334 mutato
713 2277 742 2335 ds
756 2282 788 2335 in
803 2278 838 2350 δή
849 2301 908 2338 non
920 2291 1062 2356 persanari
1076 2291 1120 2349 lo-

61 2363 129 2421 eum
146 2356 266 2439 apparet.
303 2366 435 2421 Offendit
456 2363 586 2433 καθάπερ
604 2363 698 2433 ἰατρός
710 2363 740 2419 δέ
751 2384 809 2432 ret,
827 2370 905 2439 quod
923 2388 986 2425 curn
1000 2373 1139 2432 interrov

62 2439 359 2526 gatione,praegressa
378 2471 437 2519 non
458 2446 596 2507 cohaeret.
632 2452 674 2504 Ni
688 2448 786 2512 fauor,
805 2467 869 2506 ante
884 2453 1013 2526 καθάπερ
1028 2456 1124 2530 ἰατρός

61 2554 116 2594 cet.
145 2539 257 2594 Cliniae
275 2539 466 2611 interrogatio
484 2540 526 2606 (v.
540 2556 564 2591 e.
576 2538 641 2592 Heia
653 2537 735 2590 τοῦτο
748 2536 849 2607 λίγεια·
867 2540 911 2593 vel
926 2539 1021 2596 simile
1034 2546 1120 2616 quid)

61 2624 179 2691 excidit,
199 2645 283 2700 quarn
297 2624 478 2679 Atheniensis
494 2620 581 2678 verba
596 2621 759 2694 excipiuntr
777 2621 917 2694 Καθάπερ
928 2622 1023 2694 derude
1039 2626 1068 2684 δέ
1082 2650 1124 2690 τις

61 2707 81 2763 ὃ
93 2712 146 2780 μὲν
156 2706 253 2775 οὕτως,
272 2709 288 2763 ὃ
301 2709 330 2764 δὲ
343 2711 447 2783 (vulgo
462 2704 502 2761 ὁδ’
513 2708 647 2765 mendosa
662 2708 809 2771 scribitur>
821 2707 927 2767 ἐκείνως
948 2712 1047 2771 εἴωθεν
1062 2714 1123 2770 s'aa'.

61 2816 144 2851 ποτε
165 2794 349 2866 θεραπεύεινο
375 2791 458 2859 dico,
477 2792 620 2866 duplicem
635 2810 692 2847 csse
704 2796 846 2848 rationem
858 2793 953 2868 legum
966 2797 1125 2859 condenda.

62 2901 147 2944 rum,
174 2881 260 2936 sicuti
278 2881 336 2935 duo
356 2895 422 2936 sunt
440 2877 619 2932 medicorum
636 2896 745 2947 genere.
781 2881 939 2954 Utramque
952 2901 1023 2940 vero
1034 2889 1123 2944 ratio·

61 2987 131 3022 nem
145 2966 328 3021 recordemur
338 2983 359 3016 s.
374 2963 600 3029 consideremus,
619 2981 651 3018 ut
662 2985 677 3018 a
688 2962 757 3039 legis
771 2964 861 3031 latore
875 2967 1024 3024 mitiorem
1037 2961 1120 3031 illim

62 3069 246 3126 expetamus,
267 3048 353 3105 sicuti
370 3048 454 3121 pueri
475 3049 613 3103 amedico
629 3068 689 3103 earn
703 3063 848 3124 expetunt.
884 3056 939 3109 Pro
955 3052 985 3109 δέ
996 3079 1037 3116 τις
1051 3081 1122 3119 vero
1143 3110 1146 3115 ,

63 3156 134 3194 tune
148 3142 177 3210 γὲ
192 3159 233 3194 τις
248 3136 418 3203 scriberem
436 3135 467 3203 γέ
480 3133 600 3188 enimin
613 3136 754 3207 responsis
768 3134 927 3194 affirmatet
943 3140 1076 3217 explicet,
1090 3164 1124 3205 ut

64 3226 105 3281 sit
116 3225 172 3279 iere
183 3224 332 3281 vilelicet.-
349 3219 411 3276 vid.
424 3219 459 3275 ad
471 3221 523 3280 ΙΙΙ,
540 3236 565 3275 1.
601 3219 810 3277 Nominativus
828 3241 897 3278 vero
918 3221 1013 3297 ἰατρός
1027 3263 1061 3272 -
1075 3237 1126 3298 τις,

69 3324 203 3386 sequente
218 3307 234 3363 ὃ
247 3313 299 3376 μέν
309 3302 428 3366 1--ι“)“ὂέ.
445 3323 498 3380 pro
512 3305 646 3379 genitivo
660 3303 761 3376 iurpreir
772 3308 885 3381 positus
898 3302 957 3375 etti
973 3314 1036 3370 vid.
1051 3316 1123 3374 virr.

66 3397 142 3453 doct.
160 3395 196 3450 ad
215 3394 314 3465 Vigor.
333 3411 362 3465 p.
376 3403 402 3458 5·
424 3397 487 3449 ,Τίς
501 3391 657 3448 versasti.
674 3410 702 3465 q·
717 3392 805 3475 forte,
822 3395 879 3449 lere
892 3396 1008 3470 (etwa):
1024 3418 1057 3457 ut
1069 3404 1125 3461 hoe

64 3483 199 3556 exemplo
214 3496 285 3536 utar.
320 3476 387 3535 Vid.
402 3476 436 3533 ad
450 3481 474 3542 I,
486 3493 526 3533 12.

135 3654 207 3711 KA.
244 3649 329 3707 Οἶον
349 3645 388 3717 δὴ
404 3652 440 3704 τί
455 3637 626 3720 dhysum,-
641 3648 743 3730 3Vulgo
756 3649 908 3708 scribitur:
929 3650 1047 3714 iuveris.
1067 3656 1129 3712 aiae

67 3736 103 3810 δὴ
117 3760 145 3796 οι
158 3739 288 3809 λέγομεν·
306 3730 356 3788 εἶσι·
368 3755 421 3789 που
435 3748 504 3797 cet„
530 3737 606 3810 quod
626 3756 741 3792 sensum
755 3740 942 3794 commodum
957 3759 1015 3793 non
1028 3742 1129 3805 habett
1209 3768 1216 3781 ·

64 3824 184 3891 aceedit,
201 3821 280 3897 quod
293 3819 433 3894 postolos
448 3821 537 3877 scribi
550 3827 579 3876 τι·
592 3824 734 3878 sermonis
748 3841 817 3879 usus
830 3823 924 3886 iubet,
943 3825 1004 3878 vid.
1017 3825 1053 3879 ad
1066 3847 1089 3884 ο.
1102 3841 1130 3898 5.

22 3968 28 3978 ¹
65 3930 96 3985 p.
106 3926 167 3978 712.
180 3911 213 3965 C.
249 3909 391 3978 Quocirca
409 3906 479 3962 brec
489 3907 694 3980 interrogative
706 3906 823 3978 legenda
836 3923 863 3962 et
878 3909 989 3964 Cliniae
1004 3913 1131 3972 tribnan.

50 3996 103 4059 ,ds
121 4012 195 4054 sunt.
231 3993 356 4069 Optime.
368 4006 437 4049 tuna
447 3992 576 4060 liabent,
593 4012 666 4066 quae
682 4008 854 4068 sequuntur:
880 3991 943 4049 etat
959 4013 1014 4053 stas
1028 4030 1063 4046 -
1080 4024 1131 4074 p«-

841 4078 872 4135 ,Ρ
889 4099 908 4144 ²
