2670 4778
455 430 801 505 nitescente„
1085 433 1136 487 245

32 596 35 601 ·
69 569 201 625 fortunae
212 566 328 625 casibus
348 566 439 637 (κατὰ
451 567 563 635 τύχας).
588 567 640 623 ubi
655 588 721 630 cum
742 568 906 631 infortunio
927 570 1051 633 luctetur
1070 585 1133 625 ten-

68 675 156 732 quam
171 674 239 713 cnm
253 655 363 711 excelso
378 655 503 728 quodem
519 669 548 711 et
559 656 667 716 arduo,
685 655 763 729 qnpd
778 675 907 730 superare
919 657 1028 732 nequit.
1065 662 1133 713 Δαί-

64 764 144 814 μων,
161 743 269 799 Genius
285 740 430 806 hominis,
453 742 582 796 fortunae
603 741 649 795 vel
672 739 762 795 bonae
785 742 976 807 veledversae
996 743 1132 797 concilie-

65 847 130 895 τοι,
147 845 348 905 saepenumero
366 828 453 882 etiem
470 825 546 883 vitae
571 844 681 905 sortem¹
702 846 724 883 s.
747 828 890 891 fortunent
906 830 1044 902 cuiusque
1062 847 1129 900 pro·

63 917 156 993 priam
169 914 325 988 significat,
343 913 383 967 ite
395 928 428 968 ut
443 926 560 985 utraque
581 914 665 969 notio
676 915 812 969 ‘discerni
828 915 887 969 fere
905 930 1025 987 nequest
1047 913 1128 985 (vid.

67 1005 205 1078 Stephon.
220 1003 357 1056 Thesenr.
373 1019 415 1071 gr.
432 1000 503 1071 ling.
524 1001 558 1056 T.
573 1003 596 1055 1.
614 1021 643 1074 p.
657 1003 717 1072 895.
731 1020 774 1076 sq,
792 1017 820 1057 et
835 994 1027 1073 Redolphied
1035 999 1127 1055 Ocell.

63 1093 172 1146 Lucan.
186 1110 214 1164 p.
229 1089 287 1142 266.
301 1085 368 1160 sq.).
402 1083 496 1142 Verba
515 1101 610 1143 autem
623 1087 683 1142 οἷαν
702 1120 735 1137 -π
753 1086 903 1158 πράξεσιν,
926 1107 998 1162 quae
1010 1088 1045 1141 td
1058 1103 1127 1159 pro·

62 1180 143 1232 xime
154 1193 312 1250 praegressa
324 1171 396 1226 narei
406 1169 487 1241 τύχας
501 1187 644 1246 spectent,
664 1174 753 1237 simul
768 1174 926 1246 generatim
943 1176 1036 1248 posita
1049 1187 1126 1235 sunt.

62 1265 197 1339 quocirca
219 1257 351 1335 plurales¹
366 1252 506 1327 ὃαιμόνων
531 1257 743 1330 ἀνθισταμένων
763 1262 907 1316 offendere
925 1281 985 1317 non
1007 1260 1124 1323 debent3

60 1350 212 1408 nonenim
230 1348 265 1401 de
278 1345 421 1412 hominis,
439 1345 474 1401 de
489 1365 547 1421 quo
563 1346 596 1401 in
616 1346 784 1421 praegressis
809 1365 903 1401 sermo
931 1361 1005 1407 erat,
1030 1345 1123 1407 Genio

59 1439 109 1494 vel
120 1452 193 1492 sorte
204 1434 262 1487 iem
281 1433 389 1507 agitur,
410 1433 506 1487 sedin
524 1435 691 1488 universum
710 1433 744 1487 de
760 1433 914 1488 hominum
929 1433 1029 1488 Geniis
1036 1450 1057 1485 s.
1066 1451 1124 1487 sor·

59 1525 138 1582 tibus
159 1523 191 1576 in
206 1518 291 1575 rebus
313 1517 440 1574 adversis
460 1522 649 1577 versantibus.
707 1522 746 1574 Et
777 1502 914 1576 credibili
944 1535 1001 1597 est,
1030 1518 1123 1574 nostri

59 1609 207 1684 scriptoris
223 1606 321 1661 animo
334 1603 366 1656 in
381 1603 426 1658 his
437 1605 593 1661 scribendis
607 1622 706 1680 poetae
731 1609 854 1671 alicuius
874 1608 961 1665 verba
975 1613 1122 1662 obversata
1155 1606 1160 1612 “

58 1717 124 1754 esse.
160 1697 244 1751 Certe
258 1687 435 1763 πράξεσιν
456 1692 496 1762 (i.
514 1714 552 1755 α,
571 1691 767 1764 δνςπραξίαις)
791 1696 938 1768 poeticum
954 1709 996 1748 est
1013 1696 1063 1762 (ut
1078 1712 1120 1767 ep.
1148 1700 1151 1705 '

57 1783 192 1857 Aeschyl.
214 1777 359 1834 Prometh·
381 1779 439 1848 695.
485 1779 617 1851 Sophocl.
640 1778 685 1833 Ai.
710 1799 768 1851 790·
818 1781 952 1839 Trachin.
978 1784 1034 1834 152.
1061 1787 1120 1850 879.

56 1872 195 1944 Antigon.
216 1867 290 1922 1505.
332 1863 436 1937 Eurip.
458 1864 561 1920 Alcest.
585 1867 644 1918 813.
671 1865 706 1922 al.
728 1866 868 1942 legitur),
892 1885 920 1923 et
941 1868 1028 1924 verba
1050 1865 1120 1934 npe's

56 1957 149 2031 ὑψηλοὶ
171 1962 217 2010 καὶ
239 1950 343 2029 α’νσὶντη
363 1950 469 2026 itidem
490 1951 594 2007 coloris
620 1953 729 2025 poetici
754 1953 825 2026 quid
848 1953 960 2011 habent.
1012 1958 1048 2007 ln
1065 1953 1119 2008 alie

57 2047 157 2104 omnia
169 2044 355 2098 discesserunt
366 2036 533 2112 interpretes
544 2038 576 2093 in
590 2038 645 2094 hoc
656 2041 721 2096 loco
732 2040 879 2096 vertendo·
915 2043 977 2098 Nos
992 2060 1063 2099 vero
1080 2059 1117 2103 eu

53 2132 121 2188 veri
135 2128 207 2201 qnid
220 2125 339 2182 assecuti
352 2125 456 2186 simus.
482 2121 542 2182 viri
554 2127 630 2181 docti
645 2126 823 2183 iudicabunt.
1102 2124 1105 2129 ’

125 2241 293 2303 ἐλπίζειν
313 2233 335 2290 δ’
353 2233 409 2290 cisi
424 2251 476 2291 cet.
510 2238 634 2310 Egregie
650 2240 761 2292 Ficinus
776 2241 954 2306 etcditotes,
979 2239 1030 2313 qui
1048 2251 1117 2313 post

55 2331 185 2400 δωρεῖται
200 2326 286 2381 colon
302 2338 429 2395 ponunt,
450 2344 466 2377 a
480 2341 563 2376 sensu
577 2322 682 2378 horum
704 2327 858 2381 verborum
872 2327 1048 2382 aberrarunt.
1074 2330 1117 2380 Ita

53 2419 133 2476 enim
147 2412 308 2471 verbasunt
320 2411 524 2464 construenda:
542 2408 661 2474 ἐλπίζειν
680 2409 708 2465 δὲ
727 2409 833 2481 (χρή),
850 2413 899 2466 τόν
911 2410 996 2473 θεόν,
1022 2411 1114 2465 πόνων

27 2555 33 2558 ,
53 2508 107 2577 μὲν
120 2488 329 2563 ἐπιπιπτόήτων
345 2499 405 2553 τοῖς
425 2515 455 2566 γι
473 2493 607 2564 ἀγαθοῖς,
634 2495 653 2551 ἃ
674 2495 802 2569 δωρεῖται
809 2539 818 2564 ,
843 2496 885 2554 ciel
901 2495 1023 2566 ποιήσειν
1048 2495 1116 2562 (αὕ-

54 2590 137 2652 τούτ)
153 2581 280 2640 ἐλάττονι
292 2580 354 2637 ἀντὶ
367 2580 516 2650 μειζόνων,
536 2581 591 2637 τῶν
604 2580 629 2638 τ’
644 2578 679 2637 αὖ
692 2583 741 2638 νῦν
755 2582 903 2653 παρόντων
921 2582 1048 2647 (πόνων)
1066 2603 1116 2650 με·

55 2671 177 2748 ταβσλιὶσ
195 2666 296 2739 (αὐτόν
312 2667 453 2736 ποιήσειν)
471 2668 517 2722 ἐπὶ
530 2666 564 2723 τιν’
574 2669 699 2740 βέλτιον,
724 2678 787 2741 περὶ
800 2667 829 2724 δὲ
845 2668 881 2725 ταὶ
891 2667 994 2741 ,ἀγαθά
1017 2667 1115 2742 (quod

51 2782 125 2820 vero
141 2760 176 2814 ad
188 2759 265 2813 bone
276 2774 297 2809 s.
310 2772 353 2808 res
367 2755 502 2815 secundas
516 2755 639 2821 ¹attinet),
660 2754 742 2823 πάντ’
755 2752 795 2810 αἰεὶ
813 2788 847 2799 -
864 2752 1111 2826 παραγενήσεσθαι

52 2855 138 2907 Recte
155 2843 304 2901 Carnarius
315 2826 630 2912 ‚copitverbsfverten-s:
649 2860 776 2914 „sperare
784 2860 894 2912 semper
903 2854 1023 2913 oportet,
1043 2841 1114 2897 dum

53 2936 156 2998 bonis,
176 2949 246 3004 quae
258 2927 325 2980 deus
340 2926 476 3000 largitur,
493 2926 603 2982 labores
616 2928 766 2993 incidunt,
791 2928 854 2983 fore
867 2944 900 2982 ut
915 2925 963 2980 ille
983 2945 1035 2995 pro
1051 2934 1123 2999 gra·'

51 3021 187 3080 rioribus
199 3015 322 3071 leviores
330 3008 453 3067 'inducat
465 3025 493 3066 et
504 3022 752 3084 nunc‘praesentes
774 3015 806 3068 in
828 3013 932 3071 melius
953 3029 1112 3084 permutet;

55 3113 130 3168 circe
148 3107 225 3160 bont
245 3118 315 3158 vero
331 3090 376 3152 his
396 3099 553 3160 contrarie,
574 3100 634 3154 fore
654 3100 812 3165 nimirum,
839 3116 871 3155 ut
892 3099 994 3154 onmia⁸
1006 3117 1116 3173 semper

53 3196 127 3271 ipsis
150 3190 242 3246 adsint
263 3205 329 3261 cum
359 3187 434 3240 bont
457 3184 585 3241 fortune:
617 3186 709 3260 igitur
738 3187 934 3243 infortunium
955 3187 988 3242 in
1009 3185 1113 3241 melius

52 3295 198 3341 mutatum
209 3274 263 3340 iri,
283 3266 314 3328 et
323 3271 437 3328 felicem
449 3271 594 3328 fortunam
610 3291 780 3347 prosperum
804 3272 967 3327 habituram
983 3290 1040 3328 esse
1053 3291 1114 3328 suc

52 3375 191 3427 cessum“
215 3361 309 3432 (mela
326 3359 395 3419 inde
414 3376 471 3413 non
490 3374 625 3415 eventura
647 3362 731 3428 esse).
774 3362 848 3414 Mox
867 3376 930 3415 ente
943 3360 1055 3417 reticens
1079 3387 1115 3403 -·

52 3424 162 3513 ἐλπίσω
175 3445 557 3521 desidero-praepositionem
573 3448 611 3501 ἔν.
629 3479 664 3488 -
686 3468 733 3518 μη
743 3445 803 3502 δέν
817 3442 987 3519 pestem
997 3466 1047 3513 es,
1069 3446 1115 3502 ni-

53 3543 99 3599 hil
108 3538 234 3597 retinens
246 3555 269 3592 s.
283 3532 433 3598 omittens,
449 3531 549 3588 sedulo
562 3533 595 3586 id
609 3553 703 3609 egens.

456 3705 692 3805 σιντ.

123 3847 154 3898 Ρ.
171 3842 230 3895 168.
248 3830 265 3891 ‘o'
272 3855 313 3891 σα
329 3828 416 3889 «isici
432 3831 526 3897 ἐστι.Ι
566 3832 658 3898 „Oria
671 3847 755 3896 sunt,
780 3853 852 3905 quae
867 3834 1009 3908 pertinent
1022 3832 1057 3888 ad
1072 3847 1116 3886 res

55 3930 186 3994 divinas,
214 3925 243 3980 h.
259 3942 302 3984 e..
325 3935 360 3974 ut
378 3918 439 3993 ipss
461 3919 516 3982 ait,
541 3917 573 3970 in
597 3916 701 3991 quibus
728 3919 752 3974 si
767 3921 944 3992 peccaveris,
971 3920 1056 3973 deum
1071 3917 1116 3973 ul·

56 4034 152 4076 torem
164 4013 281 4073 hebees3
302 4004 429 4063 humane
442 4018 545 4071 autem,
561 4004 666 4081 quibus
684 4005 806 4061 obiectes
820 4020 887 4062 sunt
893 4024 937 4062 res
946 4007 1118 4063 'humantes‘
