2670 4778
150 416 200 484 594
287 412 738 471 ANIMADVERSIONES
757 360 808 469 in
824 412 955 467 Luce.
972 413 1042 489 vn,
1061 390 1105 471 2'3.
1186 410 1189 419 “

148 551 305 625 positionis
323 551 475 608 collocatio
493 552 526 605 in
546 565 648 606 nostro
674 551 819 608 offendere
835 570 896 606 non
915 552 1010 617 debet,
1028 555 1093 609 vid.
1107 555 1146 609 ad
1162 559 1186 621 1,
1200 566 1226 623 4.

149 637 232 692 Certe
249 637 351 691 malim
365 644 430 706 πέρι
445 655 497 710 pro
511 638 700 710 supposititio
724 637 841 704 habere,
866 658 953 709 quam
965 639 1081 694 ἐπαίνου
1095 655 1125 694 et
1137 637 1227 712 ψόγου

34 746 39 763 =
63 719 68 737 ⁵
147 720 286 782 aeribere;
308 738 376 778 tuuc
398 725 475 777 enim
495 723 632 779 articulus
651 724 669 779 ἀ
685 739 751 801 ante
765 721 937 793 διειρημένος
954 727 1081 798 expungi
1096 727 1223 781 deberet.

147 808 203 861 Pro
218 805 381 880 διῃρημένος
391 812 534 879 (l'icinust
555 848 572 874 ,,
580 810 630 864 sed
641 807 702 863 laus
718 807 952 886 vituperatioque
971 811 1096 876 venandi
1109 812 1166 865 ista
1179 812 1224 866 di-

148 892 250 945 stincta
275 894 357 959 sit“)
375 914 390 947 e
410 894 471 948 eod.
503 896 583 950 Voss.
607 896 764 968 recepimus
791 892 981 966 διειρημένος,
1008 897 1087 969 quod
1109 911 1140 950 et
1162 917 1223 952 aeu-

147 997 194 1032 sus
214 992 242 1031 et
259 977 415 1050 linguae
394 999 460 1034 usus
489 994 630 1080 portuum
661 981 945 1083 vid.adVIl,14.
999 982 1117 1041 Deinde
1148 983 1221 1039 eod.

149 1065 232 1123 Voss,
247 1063 310 1122 τούς
325 1064 413 1135 ιερεῖς.
606 1085 608 1089 ·

215 1190 346 1261 ἄρκυσι.
369 1195 467 1266 Vulgo
481 1200 548 1257 κυσί,
566 1196 644 1268 quod
658 1195 691 1249 ab
706 1196 762 1250 hoc
777 1196 842 1253 loeo
857 1197 980 1251 alienum
998 1211 1056 1255 est:
1072 1216 1219 1275 prpegres·

147 1298 191 1333 aa:
206 1277 301 1348 ἄρκυσι·
313 1288 401 1333 τεκαὶ
414 1278 524 1352 πάγαιι,
537 1282 621 1336 etiam
633 1281 688 1337 hoc
705 1280 768 1336 loco
781 1283 874 1350 ἀρκοοι
882 1282 1034 1357 legendum
1044 1301 1116 1345 esse,
1131 1283 1218 1337 docu-

145 1380 243 1422 mento
250 1364 469 1425 estedebebantt
480 1369 566 1440 idque
575 1387 664 1441 quum
678 1368 894 1421 Selrultlzessiutn
903 1385 1017 1441 quoque
1026 1370 1217 1441 corrigentem

145 1452 281 1507 vidissem
285 1449 422 1523 ,recipere
435 1452 511 1507 haud
525 1453 731 1508 dubitavimus.
748 1448 943 1527 Opponuritur
956 1468 1050 1506 autem
1057 1469 1217 1519 venatores,

72 1524 74 1533 ¹
142 1539 198 1623 qui
219 1536 329 1591 retibus
351 1551 378 1589 et
399 1535 507 1611 laqueis
529 1553 650 1594 utuntur
671 1536 706 1591 ad
720 1540 791 1595 feras
804 1554 892 1592 noctu
904 1539 1100 1619 capiendas*
1090 1542 1151 1613 tia,
1166 1541 1216 1612 qui
1252 1574 1257 1585 -

145 1625 225 1696 equis
239 1622 287 1677 vel
303 1622 418 1677 canibus
434 1642 477 1681 eas
491 1640 699 1698 persequuntur
714 1639 742 1678 et
754 1643 878 1698 pugnam
896 1625 978 1693 quasi
1000 1642 1067 1678 cum
1082 1620 1120 1681 iia
1139 1643 1214 1682 com·

64 1736 66 1747 ¹
144 1712 275 1766 mittunt.
296 1739 328 1750 —-
363 1709 447 1764 Pro
434 1709 572 1781 su'opAld.
587 1712 662 1766 Lov.
674 1713 737 1765 Bas.
751 1732 776 1768 ι.
790 1726 855 1765 ιι2.
873 1707 954 1764 ἐάσει.
993 1711 1127 1767 Finitus:
1147 1731 1215 1778 „ua-

144 1816 193 1854 mo
209 1797 322 1867 uspiam
336 1798 412 1849 sinat
425 1796 554 1852 venari.¹‘
1168 1786 1173 1795 '

213 1925 248 1979 ἐν
269 1923 390 1996 ἀργοῖς
409 1926 475 1992 μὲν
492 1922 624 1996 ἀγροῖς.
661 1926 876 2002 ¹Vulgolegitur
899 1927 928 1983 ἐν
944 1929 1121 1997 trectense.
1140 1926 1211 1982 Coti.

142 2017 227 2072 Voss.
240 2026 333 2065 autem
345 2007 441 2083 ἀργαῖς
453 2030 506 2083 pro
520 2011 613 2081 ἀγροῖς
627 2029 653 2066 et
669 2015 702 2067 in
714 2034 803 2084 marg.
819 2013 914 2083 ἀργοῖς
929 2013 1030 2071 haben
1060 2013 1132 2069 hine
1145 2013 1211 2068 acri·

143 2099 270 2172 primus,
289 2096 320 2149 id
340 2095 418 2168 quod
439 2115 533 2152 sensus
556 2095 717 2170 flagitat,
704 2120 733 2152 ιν
750 2097 844 2169 ἀργοῖς
858 2101 909 2168 μὲν
923 2097 1032 2169 ἀγροῖς,
1051 2115 1083 2153 ut
1100 2102 1211 2153 Fieinus

143 2184 250 2242 vertit:
271 2201 344 2255 „per
358 2181 481 2236 incultos
481 2194 616 2280 ιρι;“οι
637 2185 684 2238 cui
700 2185 818 2254 optime
815 2187 974 2255 respondet
984 2202 1105 2256 sequens
1121 2185 1152 2238 ἐν
1168 2185 1211 2257 ἕρ-

59 2294 64 2301 ’
144 2266 330 2342 γαοῖιιοιςδές
351 2287 432 2339 αργον
443 2287 521 2322 emm
544 2271 581 2331 (i.
599 2289 620 2323 e
636 2268 749 2375 ρὶεργόν,
766 2271 988 2338 intratum)est
1003 2270 1161 2331 incultum
1179 2283 1210 2323 ut

143 2358 195 2422 IX,
218 2371 258 2410 ι2
283 2373 310 2426 p
328 2356 456 2422 8781)
482 2353 536 2408 tuin
557 2351 608 2409 ὅσα
626 2352 695 2424 ἀργά
714 2364 759 2409 καὶ
780 2355 917 2425 ἀνώνυμοι.
942 2355 1092 2428 X.enoplt
1120 2358 1210 2429 Cyro-

142 2445 222 2519 paed.
238 2446 289 2506 ΙΙΙ,
303 2456 327 2495 2
345 2461 367 2491 ι.
406 2438 512 2494 Oecon.
528 2442 578 2505 IV,
591 2449 617 2508 8.
634 2458 674 2494 ιο.
709 2443 787 2506 XIX,
799 2452 826 2510 8.
862 2444 928 2505 ΧΧ,
942 2457 984 2495 2ι.
1000 2441 1034 2495 al
1055 2474 1087 2484 -
1125 2442 1209 2541 Quod

146 2547 214 2586 raro
237 2544 305 2600 post
323 2524 407 2596 ἱεροῖς
424 2524 586 2598 legitur,‘
570 2531 669 2596 ιγίοιι,
687 2526 718 2579 id
737 2525 804 2581 ferri
819 2529 933 2601 nequit,
954 2547 1045 2598 quum
1061 2528 1182 2583 nihil
1154 2528 1208 2582 nni

142 2619 234 2691 glossa
246 2629 293 2670 stt
331 2613 442 2666 Fictnus
455 2611 600 2672 vitietur
591 2627 696 2665 iterum
722 2610 966 2685 ἀργοῖςίιρίιιι,
963 2632 1052 2683 quum
1071 2616 1205 2668 verterit.
1255 2656 1257 2661 ,

141 2724 184 2770 „a
199 2700 284 2758 cultis
298 2700 368 2753 locis
383 2701 526 2774 sacrisque
541 2699 653 2751 incultis
665 2719 680 2750 a
693 2717 864 2772 quocunqne
875 2701 1010 2772 pellatnr;
1003 2704 1038 2730 ·“
1056 2702 1107 2754 sed
1121 2703 1205 2755 offen·

143 2792 186 2844 dit
200 2789 293 2860 ἀργοῖς
308 2785 478 2858 repetitum,
496 2803 659 2858 praegresso
675 2783 792 2858 iusuper
815 2787 988 2856 ἑργασίμοιςς
1013 2799 1088 2838 certe
1115 2787 1204 2841 abesse

142 2893 211 2932 tunc
222 2893 280 2930 ιιοιι
298 2886 393 2947 posset
414 2878 461 2926 καί
483 2871 531 2925 vel
546 2876 667 2940 καίπερι
690 2873 741 2923 etsi
758 2871 853 2923 inculti
868 2872 932 2923 sint.
975 2869 1128 2923 Cornarins
1139 2873 1203 2945 sim·

141 2965 255 3035 pliciter
273 2959 375 3017 vertit:
400 2960 458 3023 „in
479 2957 562 3014 cultis
581 2971 676 3010 autem
699 2971 726 3009 et
747 2957 830 3011 sacris
845 2954 916 3010 loeis
929 2955 1085 3028 prohibent
1098 2957 1202 3030 ipsum,

142 3048 273 3122 quisquis
288 3047 321 3100 in
335 3065 400 3099 eum
416 3045 559 3099 inciderit.
569 3049 587 3076 “
708 3044 711 3053 '
829 3034 833 3059 ⁵
1010 3034 1013 3045 ¹

211 3174 309 3229 ἀπών
331 3173 571 3229 ἀναθολώσει.
611 3172 729 3234 Suffitas,
752 3170 830 3226 hune
846 3169 942 3224 locum
954 3169 1078 3236 excitans
1096 3192 1126 3230 v.
1141 3171 1202 3227 ἀνοι-

141 3262 261 3320 uoluta
280 3262 314 3313 Τ.
329 3264 352 3313 Ι.
369 3280 394 3330 p.
411 3259 485 3325 165„
505 3257 577 3332 legit
592 3252 665 3315 ὅπως
682 3278 736 3330 pro
749 3257 833 3311 ὀπῶν.
871 3257 997 3308 Ficinus:
1016 3258 1206 3319 „dummodo¹

54 3338 63 3351 ’
140 3366 287 3404 succorum
302 3363 362 3400 non
375 3359 469 3399 utatur
480 3359 679 3418 permixtione
687 3351 704 3378 “
739 3339 822 3397 Ὀπός
842 3357 882 3394 est
900 3360 1039 3398 succuss
1057 3343 1155 3418 liquor
1169 3363 1201 3398 ex

139 3435 244 3510 plantis
259 3416 306 3488 vel
320 3446 420 3503 sponte
434 3449 565 3487 emanans
577 3431 624 3485 vel
638 3428 853 3494 scarificatione,
870 3429 1069 3491 terebratione,
1085 3429 1151 3484 aliis
1167 3428 1197 3482 id

139 3540 228 3596 genus
243 3519 366 3575 effluens.
379 3546 414 3560 ·-
448 3517 493 3570 De
512 3516 674 3575 accusativo
699 3516 826 3571 absolute
845 3513 943 3589 posito
965 3508 1201 3586 ἑνιγροθηρεάιην

140 3606 202 3663 vid.
218 3606 253 3662 ad
269 3608 330 3674 Ι,8
619 3659 635 3689 s

1115 3698 1130 3735 Ι

508 3851 825 3867 m
