2670 4778
159 440 248 515 Ι596
368 447 423 471 -.
486 431 967 493 aurnunvenstonns

64 606 92 631 ·-
128 605 131 612 ·
177 550 327 650 1νιιῐςοῑτσ
348 574 467 631 lectioni
493 571 706 629 anteferendum
724 572 842 628 censuit.
875 542 961 629 Haud
975 574 1062 631 dubie
1080 576 1234 632 Carnarius
1249 565 1268 633 e¹

193 663 277 718 libris
290 666 376 718 MSS.
391 663 544 718 lectionem
557 660 637 715 illam
651 657 747 732 petiit.
797 664 800 707 f
903 660 904 669 ¹
1090 655 1092 660 ·

265 792 416 849 stitione
434 790 479 846 δέ.
514 790 662 867 Excidisse
677 786 765 843 ἐνίοτε
778 790 826 843 vel
848 790 902 845 tale
915 791 986 863 qnid
1001 791 1101 864 liquet.
1120 822 1155 836 -
1177 791 1269 847 τοτὲ

157 935 160 940 ,
194 875 316 961 eliani.
356 881 403 933 Sic
417 878 576 950 Stephanus
589 877 648 929 iam
660 876 710 939 id,
728 879 807 948 quod
820 877 911 951 vulgo
933 878 1056 951 legitur,
1078 876 1142 934 τότε
1164 875 1194 933 δὲ
1214 883 1266 932 ναί

194 966 398 1039 corrigendum
411 983 468 1018 esee
482 963 607 1016 monuit.
635 962 701 1020 Vid.
724 963 759 1016 ad
777 965 809 1024 V,
826 983 867 1016 12.

266 1098 297 1149 P.
313 1097 371 1162 298.
389 1091 474 1163 μηδ’
493 1085 535 1146 οὗ
552 1076 598 1145 tbi
605 1111 629 1143 ν.
673 1091 721 1147 Sia
743 1093 853 1165 egregie
871 1074 1034 1167 'Stephrinus
1055 1094 1203 1165 vulgatam
1216 1094 1265 1147 le·

93 1226 96 1231 .
194 1181 320 1238 ctionem
344 1179 408 1250 μηδ
431 1177 520 1233 αὐτῶν
544 1178 720 1232 emendavit.
754 1174 823 1237 Vial.
847 1179 882 1232 ad
903 1181 938 1245 V,
959 1185 985 1237 5.
1003 1209 1038 1222 -α
1057 1180 1118 1235 ἐὰν
1135 1183 1184 1251 μὴ
1201 1188 1265 1235 arai

196 1288 251 1340 pro
269 1267 315 1321 t'aiv
329 1275 375 1322 καὶ
396 1265 541 1337 (etiamsi)
560 1263 599 1333 μή
611 1263 725 1331 μουσικοὶ
742 1261 854 1336 πεφῦῥνῃ.
872 1282 905 1307 -e-
923 1265 1186 1323 ἀποδιδόντων.
1207 1269 1263 1322 Ge·

62 1430 65 1439 .
134 1406 140 1427 Ι
193 1354 307 1410 uitivus
325 1353 473 1426 participii
485 1352 598 1406 dativus
615 1351 739 1421 exeipit,
757 1367 790 1406 ut
804 1352 893 1418 solet,
917 1355 977 1411 vid.
1002 1355 1037 1407 ad
1049 1356 1100 1418 Vt,
1114 1356 1138 1408 4.
1158 1360 1265 1427 γέρας
1316 1362 1324 1375 “

193 1456 234 1496 est
248 1438 283 1497 oie
294 1445 389 1511 γέρως,
409 1439 537 1505 muneris
553 1438 633 1494 loco;
652 1436 763 1511 alioqui
778 1439 854 1492 enim
875 1438 907 1493 ab
922 1444 1003 1510 γέρας
1019 1439 1204 1495 scribendum
1221 1460 1274 1515 ea·-

193 1542 240 1582 set.
277 1529 448 1598 Quanquam
464 1525 623 1579 videndum
641 1538 697 1588 est,
725 1545 820 1581 annon
842 1519 919 1580 nitor
934 1522 1127 1604 ἀποδιδόντων
1150 1526 1263 1601 (impe-

188 1617 263 1682 rat.)
281 1612 372 1669 αὐτοῖς
387 1617 467 1682 γέρας
481 1611 568 1667 scribi
584 1627 730 1682 oporteat,
754 1627 788 1666 ut
808 1612 917 1666 Fit-inus
939 1612 1056 1667 videtur
1077 1611 1179 1685 legisse
1199 1632 1265 1668 ver·

190 1717 267 1756 tens:
286 1738 304 1765 „
313 1699 344 1751 hi
359 1697 458 1772 probis
472 1698 545 1751 viris
558 1696 790 1775 honoremltuno
805 1697 947 1760 tribuant,
971 1715 1005 1773 ut
1019 1696 1088 1755 solis
1098 1700 1263 1756 libertatem

187 1788 223 1842 in
237 1785 331 1840 Musis
348 1800 498 1859 praestent.
508 1791 525 1818 ‘⁶

260 1913 436 1984 Θαμύρου.
462 1912 633 1986 Thamyras
648 1916 757 1971 dieitur
768 1916 881 1986 primus
896 1915 1004 1972 cithara
1018 1915 1081 1970 aine
1100 1935 1175 1973 voce
1188 1919 1263 1974 aeci·

117 2034 119 2039 >
187 2003 281 2067 nisse,
309 2002 383 2055 Ptin.
402 2002 440 2054 H.
457 2003 496 2056 N.
517 2003 582 2062 Vll,
604 2004 645 2057 56.
677 2004 721 2058 Cf.
745 2003 779 2057 de
800 2020 834 2057 eo
858 2004 970 2055 Homer.
992 2001 1073 2059 Iliad.
1090 2006 1127 2066 11,
1141 2005 1200 2073 595.
1217 2024 1261 2079 aq.

186 2088 260 2144 Eius
276 2088 412 2142 meminit
427 2085 506 2142 Plato
520 2089 606 2142 etiam
619 2090 652 2143 in
669 2090 752 2143 Polit.
767 2091 803 2150 X,
822 2093 862 2143 15.
888 2091 941 2143 ubi
955 2109 987 2146 v,
1002 2102 1062 2142 not.
1077 2103 1105 2142 et
1117 2092 1183 2144 Ion.
1198 2094 1261 2147 553.

30 2184 34 2191 '
94 2232 98 2245 .
187 2179 237 2240 B..
255 2176 384 2232 ubieum
401 2168 519 2248 Orpheo
534 2175 641 2231 itidem
656 2177 850 2251 componitur.
868 2207 903 2217 —
921 2175 1090 2235 Cod.Voss.
1106 2173 1206 2235 ὄντων.

250 2508 469 2582 ιἰἶνοφέριιν.
487 2526 570 2564 eenm
584 2509 748 2583 reciproco,
770 2528 801 2563 se
814 2510 962 2582 colligere,
983 2513 1022 2566 ad
1041 2530 1072 2565 se
1093 2513 1187 2566 redire
1211 2518 1258 2584 (v.

193 2594 380 2668 Wernsdorf.
404 2596 438 2650 ad
462 2596 573 2650 Himer.
593 2617 621 2667 p.
636 2599 732 2664 ran),
750 2612 790 2650 est
805 2596 834 2650 h.
846 2597 865 2650 l.
884 2617 975 2651 secum
993 2607 1141 2669 reputar05
1160 2614 1187 2653 et
1205 2621 1261 2655 rta-

186 2683 368 2765 ραδεικνύντοι
382 2680 468 2749 ἑαυτῷ
484 2684 524 2749 τῷ
538 2682 606 2754 λόγῳ
622 2681 697 2761 nihil
712 2682 790 2738 eliud
806 2700 972 2756 esaepotest
984 2686 1060 2739 nisi:
1080 2683 1261 2760 sibimetipsi

164 2825 166 2829 ,
185 2770 243 2826 r'em
259 2788 385 2824 sermone
399 2781 668 2841 repraesentantem,
688 2781 719 2822 at
733 2768 767 2822 de
778 2791 812 2824 ea
827 2769 968 2825 deliberet.

254 2903 360 2957 τίνος
379 2899 467 2953 ποτὲ
485 2903 607 2970 τρέφω.
643 2897 771 2953 tiecod.
787 2901 869 2956 Voss.
885 2914 913 2954 et
928 2900 1127 2964 Firinns:.„in
1137 2900 1260 2957 civitate

145 2996 147 3007 ¹
183 2984 361 3041 instituenda
375 2984 471 3058 quales
486 2987 558 3039 aives
572 2985 690 3039 educare
705 2983 847 3041 studeo?“
881 2986 978 3058 Vulgo
999 2991 1064 3040 τίνοι
1088 2992 1167 3041 ποτέ.

253 3109 417 3185 ἀθλητὰς
435 3114 503 3168 τῶν
522 3117 704 3185 μεγίστων
731 3112 886 3187 ἀγώνων.
921 3116 1006 3171 Polit.
1023 3117 1076 3180 Ill,
1097 3120 1143 3170 13:
1163 3112 1260 3186 ἄθλη-

183 3209 231 3256 τοὶ
246 3202 297 3269 μὲν
314 3201 365 3271 γάρ
382 3200 408 3254 οἱ
420 3198 518 3269 ἄνδρες
530 3197 580 3252 τοῦ
592 3205 720 3270 μεγίστου
733 3197 844 3273 ripoinus.
880 3201 941 3256 Ubi
957 3222 986 3256 r.
1010 3216 1071 3257 not.
1089 3203 1209 3258 Deinde
1224 3205 1259 3258 de
1282 3229 1286 3233 ·

182 3286 438 3343 exercitationibus
453 3300 481 3340 et
495 3284 713 3357 prolusionibus
732 3289 795 3342 vid.
822 3291 853 3344 Ρ.
879 3288 965 3342 Fabri
989 3289 1121 3359 Agonist.
1141 3292 1197 3352 111,
1218 3312 1258 3346 ιι.

183 3376 314 3430 Gronov.
332 3375 466 3428 Theseus.
481 3387 537 3428 ent.
551 3374 642 3445 gr.·T.
656 3375 738 3432 vm.
764 3394 792 3446 p.
808 3375 882 3446 2176.
896 3394 937 3448 sq.
1078 3366 1084 3375 ”

219 3526 224 3533 ’
252 3506 355 3573 12299.
373 3490 454 3555 ἀντὶ
472 3497 637 3569 ἱμάντων
665 3509 830 3574 σφαίρας.
872 3501 951 3572 ‘Iuris
970 3518 1012 3559 eat
1037 3518 1146 3569 caestus
1167 3507 1258 3579 pugi·

181 3590 261 3656 lum,
287 3589 308 3642 i.
333 3610 378 3653 e,
395 3587 491 3640 lorum
509 3605 545 3641 ex
566 3587 647 3644 torio
667 3589 793 3654 bubulo,
819 3591 898 3664 qnod
923 3591 1057 3647 manibus
1079 3586 1258 3665 alligabatur

181 3678 263 3748 (The
298 3678 347 3730 rit.
361 3675 429 3738 XX,
448 3678 478 3728 bt
497 3680 587 3743 χεῖρας
601 3673 781 3739 incriminata
792 3683 877 3745 μέσας
895 3681 1015 3748 βοέοισιν
1030 3675 1133 3746 ἱμᾶσιν.
1160 3679 1209 3734 Cl.
1224 3698 1256 3734 v.

179 3769 221 3819 80.
274 3762 353 3835 'irgil
368 3764 437 3814 Aen.
448 3760 552 3828 V,574.
565 3763 624 3816 405.
640 3781 681 3834 sq.
695 3762 782 3828 aaa).
816 3763 894 3819 Huic
907 3764 1255 3826 veroinanebaturmassa

178 3853 209 3924 pl
230 3851 329 3910 nubea,
348 3867 425 3903 aerea
440 3845 587 3899 velferrea
607 3849 748 3918 (σφαῖρα,
766 3847 824 3920 pila
845 3871 867 3907 ς,
889 3853 992 3925 globus
1007 3851 1109 3912 dicta),
1134 3864 1167 3905 ut
1187 3871 1256 3924 gra.

69 3960 73 3975 ¹
179 3939 260 3993 riori
276 3933 452 3992 adversarius
468 3933 528 3988 ictu
542 3932 692 3997 feritaten
712 3934 779 3990 hine
803 3944 999 4006 σφαιρομαχεῖν
1025 3937 1116 3998 (infra
1136 3956 1165 4013 p.
1188 3942 1253 3992 830.

178 4028 234 4101 ο.)
253 4026 488 4096 eremana.
512 4021 581 4086 vie.
598 4023 693 4079 saec.
707 4010 800 4099 Epist.
812 4023 932 4081 Lxxx.
957 4024 1023 4080 int.
1045 4025 1099 4081 un
1118 4042 1149 4082 v.
1174 4025 1253 4082 aru-
