2670 4778
105 400 109 417 ’
139 445 207 500 «σεο
442 430 933 496 ιπιιαεπνειιειοιιεε·
1013 423 1038 485 “.

154 575 241 645 θεόν,
258 592 291 634 ut
308 578 408 636 Latin.
432 568 536 642 Diues
550 576 685 633 universe
695 568 780 651 ‘poni
793 575 829 630 ds
843 566 1009 650 diis‘iisque
1025 594 1101 651 quae
1116 578 1223 635 diviua

153 666 304 721 habentur.
354 663 450 718 Etiam
468 665 578 719 Ficinus
594 663 698 718 vortit:
738 663 851 726 „deum
876 663 958 717 omni
983 663 1081 718 studio
1105 666 1225 721 invoce-

154 759 254 807 mus.“
288 751 363 804 Mox
382 747 470 804 αίτιλν
489 768 542 825 pro
563 744 652 803 αὐτῶν
674 749 858 823 scripsimus,
885 749 951 821 quia
976 749 1019 802 dii
1039 750 1097 824 ipsi
1111 751 1225 825 signifi·

155 855 262 896 cantur.
304 835 407 890 Euseb.
428 831 479 904 τήν
495 832 587 890 αὐτῶν
608 831 643 890 cic
659 831 710 889 εἰσί
731 866 764 878 ν-
784 834 1014 905 παρακειιλὴσθιρ.
1066 837 1113 890 De
1138 837 1225 890 attica

153 922 322 998 imperativi
343 923 436 978 forms
452 918 690 990 παραιενλὴσθων
721 939 775 995 pro
801 920 1074 991 uopuasadq'edwouv
1099 923 1166 978 vid.
1189 924 1225 978 sd

151 1014 245 1077 V‚8.

225 1145 441 1215 ἐχόμενοι-
459 1145 686 1211 πείσματοςε
716 1141 783 1214 funi
812 1162 835 1198 s.
858 1145 972 1198 rudente
988 1144 1079 1217 sumo
1104 1147 1172 1199 nixi
1192 1165 1226 1198 ae

155 1233 269 1307 confisi
303 1234 404 1303 Imago
425 1230 514 1302 petita
535 1242 578 1282 est
599 1229 831 1303 enavigatione,
849 1245 877 1284 et
889 1232 952 1305 ipss
966 1233 1060 1287 oratio
1072 1233 1131 1286 reti
1144 1251 1224 1288 com·
1224 1232 1229 1249 ““

154 1336 270 1396 paratur
284 1314 362 1379 (hinc
377 1314 563 1385 ἐπιβαίνωμεν
578 1311 616 1372 εἷς
631 1313 680 1369 σίν
694 1315 743 1369 νῦν
756 1313 854 1387 λόγον,
872 1331 1004 1390 tunquam
1023 1319 1138 1386 ratem).
1175 1316 1224 1374 Sic

152 1407 297 1464 Phaedon.
318 1413 367 1469 35:
393 1400 439 1454 ἐπὶ
458 1395 556 1453 τούτου
576 1401 649 1471 (tori
662 1400 805 1472 βελτίστου
822 1401 876 1454 τῶν
900 1400 1089 1471 ἀνθρωπίνων
1109 1403 1243 1476 λόγωνὶέ

91 1550 94 1564 ¹
152 1493 299 1565 ὀχούμενον
316 1483 404 1557 ὥσπερ
419 1485 466 1540 ἐπὶ
482 1483 601 1553 σχεδίας,
619 1486 813 1542 κινδυνεύοντα
828 1485 990 1544 δισπλεῖεσαι
1000 1486 1049 1545 τίν
1062 1497 1156 1556 βι”.οι
1178 1491 1223 1545 Ct'·

152 1603 212 1638 cere
227 1581 312 1634 Tuto.
327 1575 474 1646 Disput.I
474 1587 573 1640 ,5οη
578 1588 691 1646 itaque
704 1572 854 1638 dubitans
875 1574 1137 1674 circumspectans,
1157 1577 1223 1631 hse·

107 1704 114 1715 .
151 1661 365 1731 sitans,1mults
386 1659 505 1715 adversa
524 1676 672 1723 reverens,
691 1673 825 1732 tanquam
841 1661 955 1714 rstisin
970 1662 1044 1716 mari
1057 1663 1217 1726 immenso,

151 1768 252 1810 nostra
271 1748 390 1802 vehitur
410 1746 511 1799 orstio.
521 1753 540 1777 ‘⁸
575 1745 644 1802 Vid.
671 1745 885 1820 Wyttenbuch.
899 1747 934 1800 ad
951 1748 1093 1802 Phaedon.
1114 1769 1144 1822 p
1159 1765 1219 1815 227.

152 1840 285 1894 Ceterum
301 1832 397 1888 verbis
411 1829 549 1903 ἀσφαλοῦς
565 1835 716 1898 πείσματος
731 1830 910 1903 significatur
926 1833 1064 1894 deorum,
1085 1854 1160 1908 quae
1174 1855 1222 1889 an·

150 1923 253 1981 secedit
261 1963 268 1987 ‚
285 1917 444 1975 invocatio.
462 1945 497 1957 -
530 1919 585 1971 Pro
597 1916 790 1987 ’ἐπιβαίνωμεν
802 1917 860 1988 legi
875 1938 991 1991 quoque
1002 1919 1235 1990 ἐπεισβαίνωμεν·

155 2010 315 2080 Stephanus
333 2003 437 2075 refert,
464 2004 544 2078 quod
566 2003 643 2063 haud
664 2002 724 2057 scio
748 2023 785 2056 an
806 2005 1021 2077 praeferendum
1041 2007 1080 2060 sit
1098 2022 1220 2080 propter

76 2126 83 2133 ·
148 2093 390 2174 praepositionem
409 2093 460 2153 είς,·
479 2091 637 2160 ἐπιβαίνειν
655 2089 732 2143 enim
756 2109 823 2144 cum
837 2090 885 2144 ἐπί
900 2093 945 2159 (ut
958 2092 1113 2163 ἐπιβαίνειν
1126 2094 1174 2148 ἐπί
1187 2092 1218 2149 τί

149 2183 265 2247 πλοῖον,
282 2179 337 2246 al.)
354 2178 481 2230 construi
505 2177 588 2230 solet.
625 2176 760 2248 Xenoph.
776 2176 859 2248 ¹Hist.
882 2195 973 2250 graec.
995 2180 1018 2245 1,
1036 2198 1063 2232 1.
1078 2178 1111 2234 6:
1131 2181 1216 2240 ἐπεισ-

83 2268 85 2273 ’
111 2303 114 2309 -
147 2275 252 2344 βαίνσιν
267 2264 306 2335 τῷ
317 2264 396 2329 ἰ’ππῳ
408 2259 446 2319 εἰς
458 2261 510 2332 τήν
524 2254 682 2318 θάλατταν.

217 2415 394 2484 φαίνεται
411 2403 507 2461 aucei
525 2399 677 2462 τάδε”.ίί
688 2421 741 2462 cet.
784 2410 833 2465 Sic
854 2411 995 2466 Eusebius
1013 2412 1112 2469 locum
1138 2415 1216 2470 exhi·

93 2516 115 2527 .,
146 2502 211 2568 bet,
227 2496 413 2554 confirmante
428 2489 543 2556 Ficino,
561 2494 615 2566 qui
630 2493 733 2548 vertit:
757 2497 818 2560 „in
838 2496 891 2552 hac
911 2514 1003 2552 sutem
1020 2500 1214 2572 disputatione

146 2581 424 2657 interrogationibus
443 2580 615 2638 huiusmodi
631 2583 671 2634 εἰσ
689 2582 868 2637 securissime
896 2585 1068 2655 respondere
1093 2586 1212 2643 videon

147 2677 181 2731 Si
201 2673 265 2750 ‘1¹¹is
286 2683 383 2742 ΝΜ
408 2685 425 2720 ⁰
445 2665 561 2725 “mi⁰⁸“
583 2682 634 2722 cet·
677 2667 773 2740 Vulgo
796 2675 932 2740 φαίνεται.
959 2665 1029 2738 κᾷτα
1061 2669 1107 2733 δέ,
1137 2676 1211 2748 quod

147 2779 262 2815 sensum
280 2773 340 2810 non
354 2754 456 2816 habet,
473 2751 524 2806 sed
537 2773 552 2808 e
563 2755 635 2819 ιατσί
648 2751 713 2808 τάδε
731 2756 881 2827 quomodo
897 2758 968 2811 oriri
980 2760 1129 2831 potuerit,
1148 2762 1214 2818 scci-

146 2849 174 2906 le
191 2861 232 2901 est
245 2856 403 2918 perspectu.
453 2885 454 2889 ,

216 2994 247 3047 Ρ.
261 2992 320 3061 587.
341 2986 389 3044 Τοὶ
405 2985 470 3058 τὴν
488 2987 555 3044 τῶν
573 2986 736 3046 ἑστώτων
753 3019 789 3031 -
808 2986 983 3061 δύναμιν·
1002 3011 1096 3065 „quae
1110 2994 1213 3050 iume-

148 3079 199 3138 dio
216 3092 288 3134 staro
303 3089 439 3146 possunt,
457 3097 488 3131 ea
501 3075 572 3131 dicis
587 3075 620 3130 in
634 3094 692 3131 uno
707 3077 837 3143 moveri,
864 3077 1105 3152 quemadmodum
1123 3083 1210 3139 circu·

145 3169 258 3224 lorum,
288 3163 339 3236 qui
360 3179 433 3219 stare
455 3163 608 3228 dicuntur,
634 3163 768 3220 circuitus
782 3164 1038 3237 (circumferentia)
1053 3168 1211 3222 vertitur.“

145 3256 211 3311 Ald.
233 3253 308 3306 Lov.
323 3252 386 3304 Bas.
407 3269 429 3302 1.
451 3262 478 3301 et
495 3264 523 3300 2.
543 3246 638 3316 siaiu.
673 3253 707 3305 In
722 3251 905 3325 sequentibus
918 3252 1011 3308 varias
1026 3253 1209 3324 singulorum

79 3370 82 3375 ·
144 3339 297 3403 incirculo
311 3336 426 3395 orbium
440 3335 583 3388 motiones
606 3335 762 3410 significan
781 3356 848 3390 nam
873 3352 946 3392 certa
959 3337 1078 3412 quadam
1099 3340 1209 3397 ratione

146 3425 228 3491 (τίνα’
247 3421 356 3494 λόγον
364 3460 374 3484 .
393 3420 472 3494 quod
487 3421 576 3492 vulgo
587 3420 724 3493 ἀνάλογον
737 3423 892 3487 scribitu13
916 3425 977 3478 vid.
995 3426 1030 3480 ad
1058 3427 1143 3482 Polit.
1160 3430 1208 3494 VI,

146 3519 203 3572 :84
223 3527 251 3566 et
268 3505 509 3575 κατὰλόγον),
531 3525 589 3579 quo
601 3507 696 3563 maior
710 3509 790 3564 orbis
805 3509 907 3579 circuli
924 3525 976 3574 est,
994 3530 1028 3566 eo
1043 3514 1209 3581 maioseius

146 3599 288 3656 selenitem
308 3614 365 3669 quo
380 3593 424 3656 fit,
444 3606 477 3646 ut
488 3613 544 3647 una
560 3592 653 3648 motio
670 3595 774 3663 (totius
789 3595 913 3665 circuli),
930 3615 984 3670 pro
998 3600 1076 3654 varis
1091 3601 1209 3657 orbium

144 3684 326 3758 singulorum
339 3681 479 3744 motione,
497 3677 584 3734 simul
597 3679 704 3733 tardior
717 3699 748 3735 ac
763 3680 883 3736 celerior
899 3682 945 3736 sit.
962 3711 995 3723 -
1032 3687 1109 3740 Mox
1128 3685 1167 3741 Τιὶ
1179 3685 1208 3742 δέ

143 3793 172 3842 γε
187 3768 332 3838 κινούμενα
353 3786 429 3841 seqq.
453 3765 634 3821 Atheniensis
658 3779 724 3820 sunt
735 3766 822 3823 verba
837 3770 1049 3842 respondentis:
1069 3773 1162 3847 vulgo
1174 3771 1209 3828 στί

145 3856 176 3912 δέ
194 3877 223 3927 γε
242 3853 392 3919 scribitur,
417 3871 449 3907 ac
470 3852 496 3906 si
517 3871 583 3909 cum
600 3851 770 3926 praegressis
781 3854 841 3908 sint
853 3856 945 3909 oratio
957 3854 1069 3930 ignoti,
1089 3862 1208 3930 quicum

92 3966 93 3973 ¹
144 3940 325 3998 Atheniensis
339 3938 458 4012 fingitur
473 3956 633 3994 sermonem
649 3938 787 3995 conferre.
814 3938 1032 4010 πορεύουσα,
1051 3947 1208 4008 ιτεὶλείεῃι,

143 4029 197 4086 int.
222 4026 239 4099 ἡ
258 4031 368 4097 κίνησιν.
386 4055 420 4070 -
454 4025 552 4081 ἔστιν
570 4019 628 4080 'dte
645 4045 806 4100 praegresso
824 4028 891 4084 τοτὲ
906 4033 958 4098 μέν
980 4031 1147 4106 appositum
1168 4052 1208 4088 est
