2670 4778
216 435 266 488 ato
363 400 365 407 ’
507 396 982 491 nutMADvenemNee

223 575 336 630 Ernesti
355 570 435 628 Cluv.
457 552 594 627 Cicerou.¹
611 588 640 624 v.
663 570 786 623 ‹livinus-
801 589 831 642 p.
853 569 912 622 485.
937 568 989 623 ubi
1004 570 1170 643 ¹commode
1196 571 1298 628 laudae

196 694 199 709 ,
222 648 340 716 Liuium
352 659 458 723 XXIX,
477 661 522 711 18:
541 670 570 712 et
582 655 632 711 illa
646 656 729 711 omni
744 655 848 711 divino
869 653 1053 731 humanoque
1072 656 1212 747 liberetur
1238 677 1297 715 sce·

208 745 293 805 -..lere.'
326 746 512 814 ct.111‚19.
602 804 605 809 ,
774 741 777 746 ’
1215 751 1217 756 “

253 883 257 890 “
294 871 343 943 τῷ
359 870 520 943 σχήματι.
554 871 723 953 βοᾶοΜΟΙς·
740 869 907 952 timim
944 874 1008 928 13⁸⁸·
1032 890 1055 949 ²:
1071 864 1099 925 et
1116 886 1142 926 2.
1170 869 1210 939 “i’'
1228 866 1296 945 idi·

192 970 196 975 '
222 979 312 1027 μασι,
329 959 473 1014 mendose.
1156 958 1159 963 ¹

295 1090 374 1143 utor
397 1084 440 1142 ὢν
467 1089 629 1159 φνγοὶς-
647 1091 811 1158 γίνηται.
855 1083 968 1157 Quibus
995 1083 1296 1143 Lacedaemoniorum

226 1174 379 1248 disciplina
394 1188 516 1230 notatur.
552 1173 621 1232 vid.
635 1177 659 1235 Ι,
674 1194 699 1244 9.
717 1193 758 1246 sq.
1206 1188 1213 1197 ·

1307 1176 1316 1201 Ι

298 1298 454 1372 ὀρθότης
470 1306 534 1360 τίς.
569 1302 667 1374 Vulgo
684 1298 806 1372 ὀρθότης
820 1309 860 1359 τίς
877 1300 1021 1359 scribitur.
1057 1302 1132 1357 Mox
1144 1294 1294 1359 rerbasl'rs

229 1382 313 1445 cirne
330 1418 365 1428 —
384 1381 434 1442 ὧδε
448 1392 560 1443 σνοπείν
573 1388 608 1451 ab
620 1388 684 1442 Ald.
708 1391 783 1443 Lov.
795 1389 858 1448 Bes,
883 1407 905 1440 1.
922 1402 949 1442 2.
977 1402 1005 1442 et
1026 1387 1161 1448 Ceruarii
1182 1388 1318 1467 transiri¹

229 1471 310 1535 tione
323 1473 442 1535 absunt;
463 1475 634 1546 Stephanus,
651 1475 748 1529 nescio
764 1493 779 1528 e
795 1490 851 1549 quo
863 1471 954 1536 libro,
974 1495 1005 1530 es
1019 1474 1193 1553 interposuit
1205 1490 1235 1529 et
1251 1476 1294 1529 Fi·

230 1560 308 1615 cinus
323 1558 466 1616 reddidit:
485 1561 568 1627 ¹‚sive
582 1562 621 1615 ita
631 1559 715 1616 nobis
731 1559 884 1615 secundum
897 1575 1025 1616 naturam
1038 1560 1119 1622 insit.
1136 1560 1199 1618 aive
1216 1559 1295 1617 aliter

230 1660 340 1718 praeter
357 1661 493 1709 nectutem.
528 1647 626 1709 Vitam
641 1648 738 1721 itaque
752 1644 906 1710 advitam,
930 1646 1131 1703 iucundiorem
1157 1662 1185 1701 et
1206 1646 1296 1702 mole·

232 1730 348 1787 stiorem
362 1734 402 1787 itu
416 1734 542 1788 conferre
558 1740 700 1808 oportet.“
736 1732 794 1811 Qui
807 1730 912 1788 factum
928 1732 974 1796 eit,
997 1731 1091 1789 utilia
1104 1732 1192 1791 verba
1207 1732 1295 1787 omit·

229 1826 364 1886 terentur,
383 1817 466 1873 facile
478 1833 518 1873 est
533 1820 568 1874 ad
579 1817 809 1893 intelligendum.
845 1816 952 1875 Oculus
967 1821 1043 1874 euim
1059 1819 1171 1881 librarii
1186 1841 1201 1874 a
1215 1820 1296 1895 prio·

203 1968 209 1987 ,
230 1900 259 1959 τί
271 1909 382 1966 σκοπεῖν
391 1906 430 1983 ad
444 1922 562 1977 sequens
575 1905 725 1960 aberravit.
765 1905 812 1959 Sic
825 1904 910 1957 etiam
922 1904 1008 1958 verba
1022 1903 1121 1978 ἡδονῆς
1134 1904 1301 1982 βονλίμοθσ.

230 2017 267 2029 ·-
281 1995 407 2063 μείζονος
422 1991 457 2046 ab
472 1991 534 2044 Ald.
550 1993 625 2046 Lov.
642 1993 705 2051 Bes,
723 2009 746 2049 ι.
760 2005 822 2045 ctu.
841 1987 951 2049 absunt,
969 2010 1040 2063 quae
1059 1993 1169 2045 Ficinus
1185 2010 1295 2064 expres-

232 2076 311 2132 citet
330 2077 481 2131 Carnarius
495 2077 685 2132 interserenda
701 2094 759 2130 esse
771 2075 901 2136 monuit3
920 2074 1024 2135 iterum
1039 2076 1152 2132 librarii
1168 2098 1184 2132 a
1200 2078 1295 2149 priori

230 2164 355 2231 μείζονος
370 2165 466 2217 statim
481 2164 516 2218 ad
538 2165 681 2236 posterius
701 2161 887 2216 transsiluisse
908 2162 1054 2236 cogitandi
1074 2178 1148 2217 sunt.
1193 2167 1294 2221 Sensus

231 2262 287 2303 ests
307 2248 378 2321 quid
391 2268 463 2304 vero
476 2265 585 2305 rectum
600 2249 637 2303 sit
651 2245 685 2317 (ἦ
701 2244 837 2317 ὀρθότης,
854 2247 883 2300 h.
898 2267 938 2308 e.,
952 2250 984 2302 τί
1000 2246 1092 2318 ὀρθῶς
1106 2248 1240 2319 γεύεσθαι
1247 2250 1298 2315 τοῦ,

230 2337 334 2404 χαίρειν
351 2335 452 2400 πλείω,
478 2332 582 2388 ἐλάττω
603 2332 632 2388 δὲ
653 2333 835 2400 λυπεῖσθαι),
864 2347 933 2388 tunc
952 2335 1067 2388 demum
1090 2335 1296 2409 perspicimur.

233 2421 260 2474 si
275 2421 486 2476 consideramus
503 2439 524 2476 s.
539 2418 717 2494 quaerimus,
741 2433 838 2474 utrum
848 2433 964 2474 naturae
977 2423 1131 2476 conveniat
1143 2440 1181 2475 au
1194 2422 1294 2479 adver·

231 2521 323 2574 retur,
343 2507 372 2565 h·
389 2528 430 2574 e,
448 2522 540 2562 rectus
555 2507 634 2561 illius
648 2523 715 2562 usus
731 2508 763 2558 in
774 2525 808 2560 eo
824 2505 965 2571 cernitur,
985 2508 1063 2580 quod
1086 2521 1203 2562 naturae
1225 2527 1292 2565 cou-

231 2609 395 2653 sentaneum
409 2609 458 2648 est.
495 2593 579 2667 Quod
594 2607 627 2646 ut
641 2591 841 2664 perspiciatur,
864 2593 957 2649 vitam
970 2595 1124 2648 iucundam
1140 2609 1169 2648 et
1183 2596 1294 2651 tristem

230 2681 308 2735 inter
325 2699 353 2734 ee
365 2697 526 2754 comparare
543 2690 665 2752 oportet.
684 2706 716 2716 -
740 2679 812 2731 Mox
826 2675 872 2746 οἱῖχ
884 2697 948 2732 cum
966 2676 1127 2750 βουλόμεθα
1141 2679 1294 2737 coniunxit

232 2768 363 2828 Fiet'nus.
382 2766 434 2840 qui
446 2766 550 2819 vertit:
570 2762 659 2836 „pari
672 2776 766 2819 sutem
782 2764 872 2818 modo
892 2760 1047 2838 utrumque
1062 2763 1169 2818 horum
1180 2766 1293 2825 haban

229 2870 283 2910 uos
296 2853 389 2919 nolle,
408 2870 558 2927 possumus
579 2849 723 2906 declarare.
733 2855 750 2887 Ἰ
786 2849 840 2904 Sed
853 2851 923 2905 ride
937 2850 1021 2906 inire.
1158 2844 1165 2849 ’

300 2980 412 3052 μηδὲν
431 2980 660 3050 διαφέροντα
685 2993 791 3053 spectat
817 2978 852 3038 ad
875 2973 977 3047 ἰσότησι
997 2997 1207 3050 praegressum,
1234 3001 1290 3057 quo

231 3069 292 3124 vita
305 3069 480 3142 significatur
496 3063 657 3135 ι’σόρῥοπσς,
685 3086 755 3136 quae
776 3058 1008 3138 insequentibus
1032 3066 1153 3130 dicitur,
1179 3066 1213 3121 in
1237 3086 1292 3143 qua

231 3154 314 3211 dolor
329 3169 356 3208 et
370 3151 503 3226 voluptas
521 3150 578 3206 sibi
599 3156 725 3223 aequales
748 3167 821 3210 sunt.
864 3150 956 3213 Verba
983 3165 1076 3204 autem
1096 3148 1166 3220 septis
1185 3152 1288 3241 stipem

229 3240 348 3295 ἑνοίστννν
367 3254 431 3312 post
446 3238 517 3309 πρὸς
537 3235 665 3307 βούλησιν
685 3236 848 3299 offendunt,
874 3255 964 3308 quum
984 3236 1063 3292 idem
1087 3253 1197 3296 sonent.
1251 3239 1290 3295 Ni

227 3323 328 3388 failor,
345 3323 410 3383 loco
426 3345 478 3385 suo
492 3337 570 3378 mota
588 3337 616 3376 et
635 3317 816 3399 sequentibus
848 3323 1019 3377 annectenda
1043 3337 1109 3379 suut
1128 3324 1188 3403 ita:
1223 3321 1290 3385 σίίτον

229 3408 263 3481 δή
279 3409 383 3465 τούτων
397 3409 466 3480 πρὸς
480 3409 584 3477 uiperae
598 3408 718 3471 indoctae
729 3407 759 3471 ἓξ
777 3403 894 3478 οἷνιίγνης
915 3408 963 3462 vel
978 3409 1007 3478 ἐξ
1020 3405 1138 3483 οἶνοὶμκης
1153 3406 1226 3477 πρός
1248 3411 1287 3465 e‘i·

226 3517 300 3567 ρεσιν
328 3497 446 3550 ἑκάστων
469 3492 743 3561 ὃνανεκοσμημίνοννε
777 3492 846 3555 haec
864 3493 956 3566 igitur
985 3514 1091 3567 quurn,
1117 3495 1142 3550 si
1160 3512 1286 3557 nostrum

224 3583 374 3657 utriusque
388 3583 536 3656 optionem
551 3593 725 3651 spectamus.
743 3580 899 3634 necessario
920 3578 960 3632 ita
977 3581 1132 3636 constituta
1154 3582 1213 3636 aiut
1236 3596 1286 3645 cet.

222 3686 244 3722 ς.
260 3665 352 3741 q'umn
366 3685 464 3727 natura
479 3680 575 3721 nostra
587 3664 628 3725 ita
640 3663 726 3739 ierat,
750 3677 783 3718 ut
796 3663 973 3739 voluptatem
995 3682 1174 3747 appetamus,
1207 3668 1285 3726 doio·

220 3773 282 3817 rem
299 3773 371 3815 vero
387 3754 541 3829 fugiamus.
642 3748 647 3757 ’
756 3744 759 3749 ’

287 3886 318 3938 Ρ.
337 3884 394 3952 160.
419 3878 462 3941 cie
486 3877 553 3935 τῶν
581 3879 647 3949 μὲν
676 3875 1002 3952 ίπερβσίίόντων.
1044 3883 1198 3963 Expliceut
1220 3874 1284 3945 heec

215 3985 386 4040 praegressa·
421 3968 490 4029 Vita
504 3965 627 4040 aequalis
643 3980 699 4033 est,
718 3966 748 4020 in
764 3986 819 4038 qua
836 3966 922 4033 dolor
933 3982 961 4023 et
980 3968 1109 4051 voluptas
1130 3967 1189 4024 sibi
1206 3988 1282 4045 pares
