2670 4778
153 398 158 413 “
190 396 196 504 J
224 421 274 474 eso
514 400 980 477 ιΝιΜιιινιιειοΝιι
1072 364 1081 385 ’

292 547 329 607 ’ύν
347 568 400 624 pro
415 544 451 615 οἶν
467 542 632 625 scripsimus
647 566 674 607 et
696 567 811 627 propter
828 549 1029 623 ύποδέχεσθαι,
1051 555 1131 628 quoti
1157 555 1294 609 accusati·

220 660 292 697 vum
305 635 411 719 poscit,
431 656 458 694 ιι
471 653 585 713 propter
600 657 758 713 praegressa
779 636 862 709 ὁμέν
887 637 921 708 δὴ
942 638 1060 709 πρῶτος.
1104 639 1180 694 Mox
1205 638 1294 694 verba

221 729 358 800 ἀναγκαῖα
370 727 474 794 μέν-
458 725 698 813 ἐπιχρωμένους
722 725 871 778 Gornarius
894 725 965 781 bans
980 726 1086 780 vertit·
1111 739 1170 790 „et
1195 726 1227 777 in
1245 744 1293 780 ne·
1325 772 1327 780 ,

200 884 203 895 Ι
221 815 348 873 censeriis
363 784 496 886 quidem,
513 811 562 863 sed
575 809 720 864 rarissime
735 810 866 882 ipsorum
881 811 1086 866 consuetudine
1099 825 1232 865 utantur.
1239 815 1261 845 “

293 964 307 997 ο
300 939 364 994 ‘tt
382 937 567 1006 δεύτερος,
588 937 787 990 nominativus
802 951 845 992 est
862 937 1008 993 absolutus
1024 938 1099 1007 (vid.
1115 939 1154 993 ad
1171 942 1227 1002 ΙΙΙ,
1241 948 1293 1005 nt)

221 1024 296 1106 quod
310 1046 376 1080 vero
395 1024 434 1076 ad
455 1022 602 1076 secundum
630 1024 733 1074 attinet
756 1021 844 1085 ξένον.
889 1024 966 1077 M'ox
984 1023 1079 1078 oratio
1102 1025 1222 1080 concisa
1244 1041 1295 1088 est,

219 1119 260 1173 ita
274 1110 457 1170 resolvenda:
477 1107 592 1174 θεωρῶν
606 1104 712 1174 ὅμμασί
731 1125 761 1158 τε
781 1112 827 1161 καὶ
846 1103 894 1161 sict
914 1103 1114 1176 διχόμινοσ,“’
1097 1131 1151 1163 σσα
1172 1112 1292 1167 Μουσῶν

198 1199 395 1269 ,θεωρήματα
418 1196 526 1262 (sensu
551 1191 738 1265 generaliori,
768 1208 950 1266 quaecunque
980 1195 1137 1248 Musarum
1168 1217 1190 1251 ι.
1223 1199 1294 1251 arm

220 1289 330 1385 opera)
347 1279 395 1337 ιύσὶ
408 1274 577 1348 ύέχισθαι’
552 1275 622 1335 esuis
632 1277 699 1331 ἐστι.
733 1272 883 1345 Οθεισρὸι
895 1276 943 1332 vel
961 1277 1113 1347 θεωρῶν”
1096 1301 1210 1348 οιιμασι
1227 1302 1292 1355 pro·

218 1371 286 1472 prio
303 1387 386 1425 sensu
398 1380 540 1440 spectator
553 1377 608 1423 cst:
626 1359 773 1418 idcirco’'
757 1381 842 1418 οντωι
854 1361 1029 1436 appositum.
1048 1368 1167 1431 Δέχεται
1187 1367 1292 1421 Cerna-

219 1461 262 1514 rio
278 1457 429 1511 debemuss
446 1451 511 1506 Ald.
524 1449 612 1510 enim,
630 1450 705 1505 Lov
719 1452 783 1503 Bas.
803 1468 827 1501 ι.
840 1462 862 1502 ι
884 1456 914 1501 ιι
925 1448 996 1503 Cori
1004 1449 1120 1505 Voss.
1103 1471 1199 1517 εχεται
1209 1453 1289 1508 exin

136 1586 138 1615 ,
217 1544 296 1601 bens.
322 1530 550 1612 φιλοξενίαις
570 1531 787 1602 ἀνθρώπων,
804 1534 844 1587 ad
863 1535 987 1587 homines
1006 1554 1030 1589 s.
1053 1538 1290 1608 peregrinosho·

195 1618 198 1623 ’
216 1627 361 1703 spiraliter
377 1620 563 1716 excipiendos.
590 1621 663 1675 Cod.
674 1622 762 1697 Voss.
776 1625 1049 1689 παρεσκευασμέναις

287 1751 469 1822 τημελεῖν.
504 1747 597 1805 Schol.
609 1746 725 1801 Ruhnk.
739 1747 938 1816 ἐπιμελεῖσθαι.
964 1749 1001 1801 In
1014 1757 1093 1824 seqq
1109 1751 1189 1853 (iod.
1202 1755 1286 1823 Vm,

216 1838 356 1896 δικασταῖς
371 1854 423 1912 pro
437 1833 513 1925 δίκαι
533 1839 592 1892 τοῖς
602 1849 631 1888 ιι
642 1830 721 1898 δύξαι
732 1852 785 1905 pro
797 1831 895 1898 δεῖξαι.

286 1967 465 2033 ξενωθείς.
491 1961 558 2021 Vid.
572 1961 640 2026 adi,
656 1981 693 2015 ιι.
717 1960 830 2015 Deinde
845 1981 922 2032 μονιρ
934 1978 976 2020 ιιι
994 1984 1110 2031 eximie,
1136 1970 1287 2039 prumti-

78 2092 81 2099 .
172 2072 175 2077 ·
196 2058 278 2130 'quis
291 2052 434 2113 omnihus,
452 2049 514 2106 vid
528 2049 564 2103 ad
576 2049 666 2109 ΝΛ·

289 2180 449 2236 ιαλὸν-
468 2175 673 2247 ύιαφέρον’
659 2197 693 2230 εν
710 2176 915 2250 reiteratio.
948 2152 1057 2234 Usitata
1079 2180 1150 2237 haec
1165 2196 1209 2239 ast
1224 2202 1286 2241 crs·

214 2269 306 2323 tionis
322 2264 528 2327 redundantia,
549 2262 583 2315 de
598 2282 653 2333 qua
666 2262 729 2316 vid:
741 2264 778 2318 ad
799 2267 835 2318 ΙΙ.
848 2269 889 2321 5.;
913 2263 941 2318 ἕν
961 2284 1077 2339 quoque
1096 2282 1164 2321 ante
1184 2270 1285 2325 reiic-

95 2372 97 2379 ·
139 2334 150 2408 ι’
213 2359 277 2410 ναῖς
293 2351 433 2412 abundat,
451 2349 511 2405 vid.
525 2348 560 2402 ad
572 2351 595 2413 Ι,
611 2357 652 2415 14.
677 2352 732 2404 Pro
756 2347 886 2419 διαφέρον
902 2364 997 2404 autem
1009 2352 1173 2407 videndum
1188 2370 1299 2413 ιιιιιοιΙ
1324 2398 1327 2413 .

214 2440 309 2515 aptius
327 2439 365 2493 sit
381 2433 581 2507 διαφερόντων,
599 2433 678 2506 quod
692 2455 759 2490 cum
774 2435 828 2491 τῶν
844 2433 998 2492 cohaereat

282 2552 744 2630 ι’τω-ἕπὶτοὶι-θύραι.
773 2563 842 2624 Vid'.
863 2563 899 2619 td
918 2565 1002 2619 Polit.
1025 2567 1181 2633 VI,4·-
1144 2569 1283 2648 -ξτι-

210 2676 287 2726 ρος,
306 2652 404 2706 itidem
416 2648 511 2720 σοφός,
528 2647 589 2702 vid.
605 2648 640 2703 sd
659 2650 710 2710 VI,
725 2663 767 2702 21

286 2774 457 2835 πιστεύων
476 2791 529 2835 cet.
564 2776 659 2833 Verba
671 2776 857 2831 πιστεύων-
823 2777 972 2845 -ξινῶνι
987 2783 1147 2853 Stephanus
1159 2743 1279 2843 ¹arbitra·

211 2869 296 2924 batur
311 2862 483 2939 parenthesis
502 2863 584 2935 signo
603 2862 772 2917 includenda
792 2881 866 2924 esse,
890 2881 923 2919 ut
947 2865 997 2934 τήν
1019 2871 1171 2924 referretur
1189 2873 1225 2924 ad
1239 2875 1280 2926 οἴ·

208 2974 307 3022 ιιηοιν,·
325 2951 458 3024 equidem
470 2967 540 3002 vero
561 2949 610 3016 τήν
635 2948 761 3022 expungi
779 2949 828 3005 vel
846 2950 886 3017 τῷ
906 2951 994 3006 scribi
1017 2953 1132 3008 malim.
1167 2952 1279 3014 Ἰιανῶι

209 3038 289 3103 ξένος
304 3035 376 3090 εἶναι
389 3034 428 3101 τῷ
441 3033 554 3101 τοιούτῳ
575 3035 671 3099 ξενοῖνι
694 3049 750 3088 est:
775 3053 805 3088 se
824 3037 891 3091 setis
913 3037 1033 3111 dignum
1056 3059 1129 3107 esse,
1153 3044 1206 3115 qui
1228 3043 1277 3098 tali

208 3121 339 3197 hospitio
352 3118 548 3194 excipiaturs.
564 3120 599 3174 ad
613 3119 698 3174 talam
711 3119 854 3193 hospitem
871 3122 1012 3184 deverram
1039 3125 1123 3192 ξινινν
1140 3143 1183 3182 ιιι
1198 3130 1276 3183 ιιιίιιι

208 3210 230 3262 i.
247 3202 471 3281 qmcreyeiyser,
491 3204 669 3277 hospitium,
687 3222 718 3260 v.
733 3204 899 3261 ΡοΙΙιιισΙΙΙ
873 3211 908 3272 Ι,
921 3226 964 3281 59.
968 3230 1054 3297 p
1044 3212 1103 3283 96.
1123 3213 1173 3268 sic
1194 3216 1273 3268 Tim.

205 3310 253 3349 20.
268 3295 308 3348 C.
326 3287 422 3356 ἐπειδή
437 3309 515 3360 παρα
508 3288 643 3359 Κριτίαν
656 3291 727 3356 πρὸς
747 3311 795 3342 τον
817 3287 979 3357 ξενῶνα,
948 3298 978 3346 σύ
997 3294 1186 3364 καταλύοιεν,
1212 3299 1275 3396 dept-

205 3378 328 3447 aduste.
363 3379 424 3428 Iam
437 3372 487 3443 τήν
508 3391 665 3448 expuncto,
692 3377 790 3430 omnia
806 3376 917 3448 optime
931 3378 1096 3447 cohaerent,
1121 3384 1147 3437 si
1170 3384 1204 3437 ad
1219 3385 1273 3438 τῶν

205 3461 362 3532 νικηφόρων
379 3458 454 3515 ravis
467 3455 511 3512 ἐπ
522 3457 605 3532 ἀρετῇ
617 3481 633 3513 ι
648 3462 814 3534 praegressis
826 3478 936 3535 repetas
952 3466 1066 3530 ξινιύνιι
1089 3470 1140 3540 qui
1157 3471 1209 3524 teli
1222 3469 1272 3525 ho·

206 3549 296 3618 spicio
311 3545 486 3617 excipiatur,
512 3545 622 3600 scilicet
639 3547 769 3620 hospitio
787 3551 862 3622 apud
887 3570 978 3604 unum
1001 3553 1124 3626 aliquem
1148 3556 1182 3609 de
1201 3556 1272 3618 iliis,

205 3634 258 3706 qui
272 3630 543 3704 virtutisapraemio
556 3630 648 3684 affecti
662 3648 738 3685 sunt.
781 3634 856 3686 Mox
875 3649 938 3689 snte
956 3637 1002 3692 vel
1024 3655 1089 3710 post
1107 3640 1193 3706 ξυνών
1213 3662 1271 3699 me·

202 3719 262 3774 rito
287 3718 447 3790 Stephanus
462 3715 636 3771 desideravit
645 3717 830 3789 particulam,
847 3722 932 3785 velut,
941 3729 988 3777 και·
1001 3723 1051 3781 vel
1065 3722 1102 3784 δέ.

270 3844 438 3916 βρώμασι
456 3876 490 3886 -
507 3843 812 3914 τοὶι.ξινηλασιάι
836 3854 1097 3918 ποιοσμὲνσνςι
1123 3856 1222 3912 coenis
1243 3870 1271 3912 et

202 3928 345 3989 sacrificiis
356 3930 521 4007 peregrinos
536 3929 640 4002 pellere
659 3946 702 3988 est
721 3950 822 3990 corum
838 3953 891 3992 usu
902 3936 972 4012 ipsis
985 3938 1161 3995 interdicere.
