2670 4778
453 468 835 532 tuentum*
964 504 969 517 .
1091 478 1143 552 499

77 605 227 659 Cornus-ius
245 619 333 661 vero:
359 621 413 671 „et
438 626 508 680 quae
527 607 643 706 quidem
666 608 776 665 animas
794 608 891 666 minus
916 628 1021 685 pravos
1039 630 1137 685 rueres

71 690 191 755 habent.
221 693 318 747 minus
336 708 484 747 mutantur
508 708 535 747 et
559 694 633 749 cirea
650 694 779 764 regionis
804 694 951 768 planitiem
983 715 1134 771 vagantur,

68 796 138 875 quae
152 797 221 831 vero
237 775 330 852 p'lures
344 796 449 852 pravos
462 786 558 833 mores
571 777 677 833 habent
691 795 719 833 et
732 780 895 838 iniustioras
911 799 987 850 sunt,
1003 785 1134 859 delapsae

66 856 99 916 in
117 865 340 936 profundum-
306 865 435 918 -vaide
455 880 646 938 expavescunt
664 878 691 918 et
713 867 836 921 somniis
854 887 993 924 vexantur
1007 885 1070 926 turn
1084 873 1132 926 vi·

66 964 166 1004 ventes
180 965 242 1004 tum
258 971 272 1003 a
286 950 456 1021 corporibus
470 950 586 1006 solutae.
595 956 614 983 “
649 951 759 1007 Neutra
775 953 924 1008 translatio
937 955 1035 1012 verbis
1051 977 1131 1030 grae·

65 1036 107 1090 cis
130 1038 275 1106 totiusque
291 1037 351 1092 loci
372 1037 468 1090 sensui
490 1033 638 1092 convenit.
678 1034 797 1105 Vigerus
810 1039 845 1090 ad
857 1039 959 1094 Euseb¹
972 1042 992 1095 l.
1006 1040 1025 1093 l.
1041 1042 1131 1097 scribi

64 1120 182 1176 iubebat
196 1120 300 1177 ε’λολττω
314 1123 365 1191 μὲν
380 1132 425 1176 καὶ
438 1119 612 1189 δικαιότερα,
629 1134 663 1173 ιιι
674 1120 712 1174 iis
729 1139 958 1196 opponerentur,
976 1147 1048 1198 quae
1061 1149 1130 1199 pau·

66 1208 96 1261 lo
117 1223 184 1280 post
205 1208 290 1262 πλείω
310 1204 518 1275 ναὶιῖὃωωλτερα
531 1205 676 1260 dicuntur.
715 1210 768 1261 Sed
784 1207 858 1262 nihil
872 1225 944 1282 puto
957 1215 1130 1268 mutandum

65 1311 140 1357 esse,
158 1295 182 1347 si
197 1293 310 1355 ἐλάττω,
330 1293 408 1365 quod
425 1290 500 1346 nihil
516 1291 574 1345 uisi
589 1292 670 1346 voeie
684 1280 851 1363 σμικρότερα
867 1295 1064 1368 interpretatio
1080 1314 1130 1367 est,

65 1380 243 1452 expunxeris.
268 1375 468 1451 μεταβάλλειν,
492 1391 526 1431 ιιι
548 1375 686 1447 ἀμείβειν
719 1394 762 1433 est
782 1383 972 1453 permutando
992 1385 1129 1457 accipere.

63 1483 173 1519 sumere
194 1481 230 1521 et
240 1466 359 1567 eligere,
384 1463 446 1517 vid.
462 1462 497 1516 ad
510 1463 626 1516 Phaedt.
642 1481 670 1534 p.
685 1463 743 1520 266
781 1467 871 1540 Igitur
885 1465 1051 1539 σμικρότερα
1069 1471 1124 1524 τῶν

63 1547 141 1617 ηθωι
156 1551 186 1613 (i.
204 1570 235 1606 e.
243 1546 353 1621 ἥθη,“
335 1572 352 1603 α
370 1547 535 1618 σμικρότερα
548 1548 637 1602 οὔτῶν
649 1549 716 1607 istu
729 1552 925 1620 μεταβάλλειν,
943 1557 1065 1629 Proprie
1079 1576 1125 1612 ra·

61 1637 153 1694 tiores
175 1657 290 1692 morum
311 1636 603 1698 mutationesfaeere,
623 1650 770 1691 aetrnores
785 1635 906 1692 leniores
920 1640 1058 1715 accipere,
1077 1645 1126 1698 cui

63 1724 223 1797 opponitur
237 1723 335 1788 πλελω,
356 1722 514 1776 maiores
492 1740 594 1794 easque
610 1720 776 1778 iniustiotcs
790 1726 961 1778 mutationes
975 1727 1076 1788 facere,
1096 1729 1125 1783 h.

62 1829 101 1875 ιι,
120 1811 269 1883 graviores
287 1829 308 1864 ε.
323 1809 551 1863 vehementiores
563 1828 596 1861 ac
607 1810 877 1865 iniustioresmores
891 1811 1017 1865 induere.
1050 1814 1124 1870 Sub·

61 1898 168 1951 iectum
190 1911 232 1950 est
249 1893 342 1948 πάντα
363 1896 398 1950 τοὶ
416 1897 500 1963 ψυχῆς
519 1898 636 1962 μέτοχα,
655 1914 726 1968 quae
738 1895 785 1948 vel
796 1894 914 1968 paulum
930 1896 1124 1970 (σμικρότερα)

61 1985 110 2036 vel
120 1983 243 2036 multum
260 1983 355 2054 (πλείω
369 2000 390 2035 s.
404 1984 501 2049 μείζω)
514 2000 529 2034 a
541 1982 665 2052 genuina
679 1999 766 2054 eaque
780 1981 887 2034 sincera
903 1998 952 2033 sua
966 1995 1066 2037 natura
1074 1985 1124 2038 de-

61 2067 171 2123 flectere
182 2070 282 2143 ppnitt
301 2087 395 2123 mores
411 2067 488 2121 enim
502 2066 623 2122 leniores
639 2083 748 2121 mutare
763 2086 783 2121 s.
797 2065 988 2136 permutando
1000 2067 1121 2124 induere

59 2168 101 2208 est
122 2155 143 2208 i.
158 2175 185 2227 q.
207 2155 300 2210 lenius
324 2173 345 2208 s.
366 2152 485 2226 paulum
508 2153 652 2208 deflectere
666 2174 680 2206 a
695 2153 801 2208 sincera
816 2170 865 2206 sua
879 2165 995 2214 natura:
1015 2169 1047 2208 ut
1059 2177 1124 2225 ομι-

59 2237 194 2310 ιιρότερα,
213 2240 299 2295 πλείω
316 2256 344 2295 et
363 2242 445 2307 μείζω
470 2237 670 2293 adverbialiter
690 2239 849 2312 exprimere
869 2241 977 2311 possis,
997 2239 1022 2292 si
1035 2262 1123 2308 μετα-

22 2332 28 2343 “
58 2323 170 2398 βάλλειν
193 2312 246 2399 pro
269 2325 415 2380 deflectere
430 2342 531 2377 sumas.
550 2353 584 2363 -
619 2328 674 2379 Pro
687 2323 900 2395 μεταβάλλοντα
911 2344 946 2378 ex
958 2327 1064 2382 Euseb.
1078 2347 1122 2383 re·

56 2402 210 2487 posuimus
225 2410 436 2482 μεταβαλόντα,
465 2426 497 2465 ιιι
511 2413 622 2465 Ficinur
634 2429 748 2484 quoque
759 2411 875 2465 videtur
887 2409 1003 2483 legisse,
1029 2432 1120 2486 quum

57 2500 194 2554 verterit:
214 2518 310 2570 „quae
322 2498 418 2550 minut
432 2511 589 2568 peccarunt.
599 2502 616 2528 “
651 2497 765 2551 Deinde
784 2493 978 2566 μεταπεσόντα
997 2512 1040 2553 eat
1055 2518 1120 2553 mu·

57 2601 113 2642 tata
129 2586 203 2654 (vid.
218 2587 253 2640 sd
267 2604 289 2638 ο.
301 2584 340 2651 7.)
353 2577 448 2650 (uersi)
461 2580 601 2635 risisset
617 2579 767 2651 ἀδικώτερα
782 2581 872 2652 (ἤθη).
910 2584 1012 2636 Sensus
1029 2583 1121 2656 igitur

56 2688 114 2730 eet:
137 2693 207 2746 quae
227 2674 344 2726 leniores
362 2687 470 2722 morum
490 2669 656 2721 mutationes
668 2666 814 2738 jecerunt,
831 2667 859 2722 h.
874 2686 913 2732 e.‚
935 2687 1006 2741 quae
1019 2686 1121 2739 parum

57 2782 77 2814 a
96 2763 203 2814 sincera
226 2779 275 2812 sua
297 2755 580 2826 naturadefleaeerunt
594 2756 676 2824 (quae
688 2754 785 2809 minus
802 2753 954 2828 depravata
968 2757 1064 2823 sunt),
1084 2775 1119 2809 ea

54 2867 108 2920 pat
120 2859 211 2900 terrae
223 2845 370 2915 planitiem
383 2841 591 2912 ingrediuntur,
611 2859 682 2911 quae
703 2858 769 2892 vero
786 2842 816 2893 in
832 2841 964 2892 maiorem
978 2837 1118 2906 deprava·

18 2923 30 2931 ’
56 2934 162 2987 tionem
173 2932 343 2991 inciderunt,
364 2930 393 2980 ἰιι
407 2925 579 2999 profundum
595 2942 621 2977 et
638 2945 741 2997 aspera
749 2922 995 2997 formidolosisque
1012 2921 1116 2995 infero·

55 3038 118 3085 rum
133 3016 276 3085 domipilia
291 3014 526 3069 detrudamur.-
542 3007 586 3064 td
602 3007 740 3064 τούτοιν
758 3011 826 3063 τῶν
844 3008 1028 3077 ὀνομάτων
1048 3009 1120 3079 ἐχό-
1189 3009 1198 3023 “

56 3123 148 3175 μενοι
167 3103 239 3170 (int.
256 3098 397 3168 ὀνόματα)
417 3093 738 3163 ἐπονομάζοντες,
757 3112 785 3151 et
795 3095 964 3152 nominibus
976 3097 1021 3154 his
1037 3100 1118 3157 simi.

21 3186 24 3191 ’
55 3189 134 3247 libus
158 3187 348 3263 appellanteet
374 3182 481 3252 verbis·
492 3183 570 3239 enim
585 3181 748 3256 appellandi
758 3182 914 3255 apponitur
928 3183 1037 3263 ὄνομα,
1055 3187 1118 3248 vid,

57 3277 94 3332 ad
110 3280 152 3340 II,
174 3297 197 3328 1.

81 3438 83 3443 ·
127 3407 232 3471 μείζω
251 3400 286 3456 δὲ
304 3398 322 3454 d
329 3399 346 3470 ἡ
363 3401 452 3469 ψυχή
468 3413 520 3452 eet.
556 3396 666 3453 Laudat
678 3396 748 3452 haee
762 3394 929 3452 Theodoret.
945 3397 1115 3475 Tharapsut.

57 3492 148 3546 Serm.
166 3491 201 3545 V.
224 3510 252 3562 p.
269 3498 328 3556 548.
343 3487 376 3541 C.
413 3488 521 3549 Μείζω,
546 3485 624 3558 quod
644 3483 715 3537 libri
736 3476 833 3536 ordnes
853 3482 976 3548 hebent,
996 3486 1116 3558 Stepha-

57 3596 109 3629 nus
128 3576 191 3630 sine
208 3595 289 3630 causa
306 3575 337 3627 in
359 3574 459 3641 μείζων
479 3572 620 3630 mutavit.
647 3567 829 3624 hauddubie
852 3570 978 3622 Fitinum
997 3584 1116 3633 secutus,

56 3663 109 3734 qui
129 3663 233 3715 vertit:
253 3660 375 3725 „anima
394 3674 480 3716 vero,
501 3675 572 3728 quae
590 3654 707 3710 maioris
727 3653 844 3708 virtuti's
856 3652 905 3708 vel
918 3654 986 3708 vitii
999 3674 1118 3727 compos

56 3763 107 3801 est.
118 3757 136 3780 ‘⁸
171 3747 214 3800 Ad
233 3749 329 3812 μείζω,
354 3745 509 3815 insigniora
531 3742 591 3810 (rel
614 3742 649 3796 ad
664 3741 803 3794 virtutem
822 3738 869 3793 vel
884 3738 918 3791 ad
931 3738 1117 3815 pravitatetnt

53 3837 151 3887 κακίαι
171 3846 199 3884 et
216 3829 328 3900 ἀρετῆς,
351 3831 403 3883 int.
430 3834 508 3897 περί,
534 3828 600 3891 -vid,
621 3829 656 3880 ad
673 3830 696 3887 1,
721 3826 775 3892 13.)
797 3843 833 3879 ex
848 3823 1019 3897 praegressis
1030 3839 1118 3897 repet.

52 3918 121 3987 ἤθη.
163 3917 217 3988 Vig
202 3935 278 3969 serus
295 3915 328 3968 ad
341 3915 444 3969 Euseb.
458 3915 618 3986 corrigebat
629 3915 727 3979 μείζων
744 3908 777 3962 δι
769 3910 860 3978 ψτχὴ
874 3929 924 3961 κατ
926 3913 989 3971 ſtrete
1008 3905 1121 3982 ἢᾰρετῇ

57 4003 118 4074 (vel
134 4007 232 4058 κακίαν
247 3996 416 4072 Mettius
402 3999 510 4055 οπόταν
518 3993 696 4070 μεταβολλλη
733 3999 788 4052 Pro
804 3992 964 4133 μεΙταβάλλῃ
981 3995 1041 4058 (sic
1054 3996 1119 4052 Ale

861 4097 873 4132 1
890 4093 909 4136 2

1148 3277 1155 3299 ι
