2670 4778
286 346 295 381 l

218 408 267 461 ns
381 458 395 476 ,
504 352 1022 481 untuauvsns'ronns‘:

276 539 539 628 'paleadensis
562 546 609 597 τί.
653 543 700 597 stc
728 544 887 612 Stephanus
914 545 1038 599 coniecit
1057 564 1112 620 pro
1127 548 1177 616 eo,
1200 551 1284 624 qnod

189 670 192 675 «
215 632 308 704 vulgo
327 629 452 702 legitur,
479 631 518 699 γέ.
566 630 640 684 Mox
665 627 809 698 ῥήματα
836 627 977 702 ἀνδρῶν
1003 630 1196 701 ποιήσασαι
1221 640 1297 694 setr'

208 720 295 778 siros
317 715 402 789 loqui
423 713 564 770 facientes.
597 717 646 770 De
666 714 763 770 rerbo‘
776 720 868 770 ποιεῖν
887 717 954 770 vide
974 737 1046 791 quae
1066 737 1152 794 supra
1165 726 1283 780 notavi·

209 825 289 861 mus.
325 804 405 863 Mox
426 800 497 856 Cod.
523 792 606 860 Voss.
625 818 679 881 pro
695 801 737 856 ‘aa‘
753 801 870 871 σχῆμα
888 802 1004 859 exhibet
1021 803 1053 858 ed
1068 805 1182 875 χρῶμα,
1201 812 1284 882 qnod

213 894 326 948 Ficinus
355 886 495 963 expressit
518 889 674 944 vertendo:
710 891 864 953 „colorem
890 889 1048 945 mulierum
1069 884 1284 970 concentusque

211 979 371 1033 redderent.
382 980 399 1007 “
434 973 541 1028 Contra
563 975 716 1028 Carnarius
723 995 740 1028 ι·
751 980 972 1048 „ut—gestum
987 995 1020 1032 ac
1031 995 1202 1036 concentum
1216 1002 1284 1047 mm

211 1063 332 1118 liebrem
344 1060 414 1134 ipsit
430 1057 594 1114 attribuant.
605 1065 623 1090 “

281 1170 311 1244 l‘.
331 1192 373 1260 75.
407 1187 476 1242 τῶν
494 1184 694 1258 ἀνθρώπων
713 1184 827 1251 dcccc.
867 1195 1012 1271 Orphica,
1030 1217 1102 1271 quae
1122 1198 1171 1252 hic
1191 1198 1283 1271 nqi-

110 1320 112 1328 .
176 1322 179 1329 .
202 1280 342 1339 ciuntur,
362 1274 441 1349 hand
464 1274 552 1329 dubie
570 1274 607 1331 ad
626 1277 828 1353 Terpsichores
845 1301 952 1339 nomen
965 1297 1101 1359 spectent.
1137 1285 1283 1343 Similiter

210 1363 328 1421 Hesiod.
342 1362 490 1434 Theogon.
505 1361 571 1445 9¹⁶?
720 1358 723 1366 ’
1198 1421 1204 1426 .
1272 1406 1277 1413 ,
1299 1402 1304 1425 ,

363 1508 366 1515 ·
385 1473 427 1538 Εξ
438 1466 470 1542 ἧς
480 1470 513 1527 αἱ
519 1471 630 1529 Μοῦσαι
641 1473 829 1545 χρυσάμπυκες
841 1463 997 1550 ἐξεγένοντο

377 1557 494 1624 Ἐννέα,
512 1561 589 1631 τῇσιν
603 1557 671 1614 ἅδον
689 1561 819 1618 θαλίαι
837 1570 1022 1637 καὶ·τέρψις
1039 1563 1171 1637 cicadis·
1194 1634 1198 1645 ι

209 1679 324 1735 Ficiuus
344 1672 441 1729 vertit:
468 1690 567 1744 „quos
589 1669 722 1742 Orpheus
745 1675 940 1732 delectationis
959 1678 1081 1749 gratiam
1103 1693 1214 1735 secutos
1232 1668 1297 1743 dir

207 1767 285 1822 cim
304 1793 338 1803 -
354 1790 357 1797 ·
374 1762 446 1814 Ante
466 1757 555 1812 ταῦτα
571 1756 603 1812 in
620 1759 684 1812 Ald.
702 1760 815 1816 Cliniae
833 1781 940 1818 nomen
960 1765 1088 1838 positum
1111 1780 1168 1832 est,
1199 1782 1279 1823 recte

204 1856 270 1911 'iam
290 1851 323 1906 in
342 1848 455 1902 Lovan.
477 1843 611 1898 deletum.
649 1845 724 1899 Mox
739 1847 773 1900 ad
789 1848 897 1917 ῥυθμόν
909 1851 961 1916 μὲν
977 1873 1022 1904 aar
1037 1849 1161 1919 σχήματα
1173 1852 1278 1927 supple

208 1937 354 1994 nescivere
376 1952 391 1986 e
407 1948 570 2004 praegresso
586 1927 721 1985 διασπῶσι
727 1955 737 1995 ,-
756 1952 893 2004 nemque,
912 1956 1003 2010 quum
1019 1939 1101 1991 notio
1115 1938 1276 1995 distrahen-

207 2024 240 2080 di
260 2025 319 2077 iam
340 2016 498 2092 significata
515 2017 552 2069 sit
567 2035 639 2071 voce
649 2022 743 2085 χωρίς,
772 2036 802 2074 ut
814 2021 888 2075 infra
902 2023 1114 2096 praepositione
1127 2023 1209 2087 ἄνευ,
1225 2042 1278 2097 ge⁴

118 2114 122 2128 “
206 2107 301 2168 nerale
315 2105 460 2181 quoddam
474 2103 613 2164 verbum,
635 2103 717 2176 quale
731 2121 773 2160 est
783 2108 941 2173 nescivere,
964 2110 1119 2165 eruendum
1134 2123 1183 2164 est.
1220 2111 1275 2167 Co-

205 2190 300 2253 'aarum
314 2194 354 2246 ἔτι
368 2204 410 2247 est
428 2204 582 2263 praeterea,
600 2189 726 2262 insuper.
765 2195 881 2247 Sensus:
898 2210 997 2267 poetae
1010 2214 1099 2266 quum
1112 2194 1212 2249 omnia
1227 2196 1276 2253 iu.

204 2299 249 2340 ter
261 2301 290 2336 se
303 2277 420 2335 confusa
435 2294 492 2331 esse
501 2289 634 2361 ¹cernant,
652 2289 763 2331 tantum
778 2277 871 2341 abest,
890 2295 922 2334 ut
933 2280 1001 2334 huic
1015 2280 1120 2334 artium
1135 2280 1274 2356 deprevd-
1290 2336 1293 2341 .

205 2367 284 2428 sioni
306 2381 469 2421 succurrere
489 2362 634 2425 studeant,
659 2376 692 2416 ut
713 2363 797 2418 etiam
815 2366 905 2438 migis
924 2385 966 2420 eas
980 2382 1180 2439 corrumpent,
1198 2378 1274 2441 qu'ae

204 2452 357 2513 dissociari
375 2471 389 2504 a
409 2468 438 2503 se
456 2448 584 2504 invicem
597 2465 756 2523 nequeunt,
774 2450 976 2516 distrahentes.
995 2468 1027 2508 ut
1041 2453 1141 2525 poesin
1154 2473 1170 2507 a
1181 2452 1272 2511 musi·

103 2600 106 2607 ,
173 2555 175 2559 “
204 2566 245 2602 ct.
278 2543 359 2600 Vana
378 2551 419 2590 est
438 2534 542 2589 Gallici
557 2533 723 2608 interpretis
736 2538 881 2609 suspicio,
901 2558 953 2610 pro
967 2536 1050 2607 ὁρῶσι
1062 2540 1181 2613 legentis
1199 2536 1272 2611 ‹ipti-

200 2654 244 2694 αι,
270 2626 350 2700 quod
370 2640 486 2679 sensum
509 2640 567 2675 uon
590 2621 683 2677 hebet.
727 2624 861 2679 Ceterum
889 2623 990 2696 λόγοι
1007 2625 1110 2692 ψιλοὶ
1127 2627 1161 2681 de
1183 2646 1271 2699 prose

200 2717 348 2775 oratione,
366 2708 414 2766 cui
432 2709 548 2762 metrica
566 2707 738 2781 opponitur,
756 2708 973 2783 frequentatur,
989 2712 1050 2768 vid.
1067 2713 1214 2786 Heindorf.
1230 2714 1270 2771 sd

199 2803 320 2861 Phaedr.
335 2821 364 2874 p.
380 2809 442 2865 353.
458 2807 486 2849 et
502 2796 653 2848 Herntattn.
668 2794 703 2849 ad
715 2796 812 2866 Vigor.
828 2816 856 2869 p,
874 2812 934 2867 719.

270 2922 497 3000 μιμημάτων.
534 2923 619 2980 Haud
638 2922 726 2981 dubie
740 2922 922 2979 scribendum
939 2941 980 2981 est
993 2926 1140 2995 μιμητῶις
1157 2924 1269 2985 scilieet

198 3025 313 3090 μίμημα
334 3029 375 3068 est
387 3009 516 3064 imitatio
531 3027 552 3065 s.
568 3009 769 3072 simulacrum,
788 3010 909 3080 μιμητόν
923 3032 993 3068 vero
1006 3014 1051 3077 id,
1072 3015 1149 3085 quod
1166 3015 1267 3069 imin.

197 3103 278 3156 tione
301 3096 428 3170 exprimi
447 3110 560 3168 potest;
580 3094 766 3150 simulacrum
791 3116 874 3160 vere,·
893 3099 997 3171 dequo
1013 3099 1061 3155 hic
1077 3100 1267 3168 agnum-(1101

198 3207 261 3243 non
278 3197 372 3258 potest
391 3181 544 3236 simulacro
567 3181 661 3236 simile
683 3201 757 3245 esse,
783 3183 831 3235 sed
854 3186 1019 3258 exemplari.
1058 3191 1161 3243 Sensus
1184 3189 1265 3245 cuim

197 3271 317 3328 nonnisi
337 3269 361 3323 is
378 3283 473 3342 potest
487 3285 560 3321 esse:
582 3283 610 3323 et
624 3267 672 3322 cui
689 3267 783 3322 simile
798 3268 836 3321 sit
852 3285 887 3322 ex
903 3271 940 3324 iis
952 3269 1051 3336 rebus,
1073 3291 1143 3343 quae
1159 3272 1265 3347 dignae

196 3361 255 3416 sint
271 3357 452 3413 imitatione;
474 3353 542 3409 haec
554 3370 620 3408 sunt
632 3353 667 3408 cd
680 3354 789 3422 μιμητοέ
805 3350 943 3425 ἀξιόλογα.
980 3357 1121 3412 Similiter
1134 3360 1264 3429 μιμήμα-

122 3490 128 3505 .
194 3466 232 3500 σοι
253 3458 281 3499 et
299 3441 407 3512 μιμητά
426 3442 501 3495 inter
523 3457 553 3493 se
572 3438 690 3494 confusa
707 3441 829 3506 eraut-in
848 3440 1134 3514 Xenophontium.
1154 3449 1264 3502 Socrat.

194 3535 247 3595 ΠΙ,
264 3549 307 3586 10.
322 3529 347 3598 §-
363 3541 388 3596 5.
408 3529 461 3582 ubi
475 3546 503 3582 v.
521 3525 644 3580 Ernesti.

263 3657 469 3715 ἀπταισίας.
516 3656 669 3710 Carnarius
688 3655 766 3709 hunc
795 3654 893 3711 locum
918 3657 957 3712 ita
977 3659 1120 3714 reddidit:
1145 3681 1262 3733 „quaro

191 3766 303 3804 necesse
320 3761 362 3801 cst
376 3741 528 3819 spepiceri,
548 3740 665 3812 quidvis
679 3740 848 3795 huiusmodi
863 3744 952 3798 multa
966 3746 1123 3800 rusticitate
1137 3747 1258 3821 plenum

189 3853 264 3896 esse,
289 3824 429 3906 quantum
452 3828 614 3885 velocitatis
636 3841 664 3881 et
685 3828 827 3882 tarditatis
855 3846 883 3883 ct
905 3831 1031 3886 bestialis
1052 3830 1134 3887 vocis
1160 3835 1257 3887 studio

190 3920 374 3974 vehementer
391 3931 518 3978 tenetur,
543 3914 583 3967 ita
602 3928 636 3967 ut
655 3913 794 3967 tibiarum
817 3932 890 3968 sono
911 3929 939 3971 et
960 3915 1082 3973 citharae
1094 3918 1257 3991 pulsatione

187 4020 402 4082 praeterquam
423 4006 459 4061 ad
477 3999 657 4063 saltationem
676 3999 893 4058 etcantilenam
917 4012 1050 4061 utatur.“
1090 4004 1188 4074 Etiam
1207 4006 1257 4061 Fi-
