2670 4778
142 349 243 473 ὀμ
421 420 424 433 ·
483 350 972 452 snrnnn'v'nusron‘n's’
1037 435 1039 440 ,

194 532 296 592 αι’τίουτ
307 530 389 610 οἶνοι.
402 566 403 570 =
414 529 556 603 *Moxlrd
565 516 601 607 ds
615 526 719 606 proed
734 527 763 584 st
776 528 952 602 scripsimus,
967 543 1049 581 sensu
1065 521 1195 578 iubente.
1213 522 1262 578 ste

79 616 83 629 ’
158 632 161 645 “
193 621 258 680 Ald.
273 622 350 678 Lov.
364 622 462 675 Basa.
479 639 504 672 τ.
519 610 696 684 eth'einusi
710 615 867 690 „prolecto
881 613 1002 668 istorum
1023 609 1124 667 verbis
1137 608 1211 661 illud
1226 607 1266 663 ei·

197 707 309 767 ficitur,
328 721 360 760 ut
368 709 385 740 “
401 720 452 761 cst.
486 703 600 770 Deinde
618 720 673 774 pro
687 705 888 770 προςφέρονττο
900 698 1075 754 desiderabas
1092 695 1265 767 προσφοράν·

199 813 254 847 των
276 807 391 865 propter
412 789 480 860 ἕμοῦ
498 806 526 845 et
549 788 614 852 0053
635 787 686 841 ssd
707 786 885 859 interpositis
908 782 975 840 ‘o'ren
987 782 1122 854 τεκμήρια
1136 781 1281 865 λέγωμεν,Ι

201 894 326 949 quotum
340 877 469 933 cohaeret
486 868 708 947 sapoepeporresi
733 871 759 925 si
779 889 893 927 sensum
906 885 1030 947 spectas,
1048 869 1141 925 oratio
1155 880 1269 922 mutata

201 977 252 1016 est.
291 963 452 1037 Stephanus
474 961 532 1037 legi
555 977 668 1034 quoque
685 961 888 1027 προσφέροντος
903 959 1038 1020 adnotet,
1063 956 1147 1029 quod
1164 955 1267 1014 locunt

202 1047 306 1103 habere
327 1049 444 1122 quidem
468 1062 562 1121 potest
575 1045 642 1116 (etsi
656 1041 691 1097 de
705 1042 815 1098 duabus
825 1044 953 1117 personis
967 1062 1061 1097 sermo
1077 1058 1134 1102 est,
1152 1034 1218 1098 vid.
1233 1039 1269 1094 ad

202 1134 321 1191 Plsaedr.
339 1137 475 1221 p.371.).
499 1132 547 1186 sed
568 1130 646 1186 haud
666 1127 853 1184 necessarium
873 1132 923 1184 est.
941 1161 976 1172 -
993 1127 1268 1194 ἀναπεπεισμέ-

187 1239 269 1277 νοι.
306 1221 430 1274 Fieinusr
452 1234 547 1284 „tunt
561 1219 679 1272 iuvenes
693 1215 727 1271 ab
738 1215 801 1289 istis
814 1216 989 1288 sapientibus
1005 1215 1086 1270 aliter
1095 1213 1227 1288 persuasi
1236 1214 1271 1274 ;“

154 1356 156 1363 .
204 1317 252 1369 ut,
278 1303 338 1361 nisi
358 1282 388 1359 be‘
401 1309 459 1360 νέοι
475 1305 594 1376 legerit,
616 1303 691 1357 illud
714 1296 916 1376 epraegresdis
936 1302 991 1357 τῶν
1011 1307 1082 1356 νέων
1105 1299 1269 1374 repetierit.

204 1384 532 1475 ιλνιιπίυπειομὲνοιχ
546 1405 589 1446 est
610 1387 781 1462 simpliciter
800 1387 942 1461 persuasi,
965 1387 1001 1442 ad
1022 1407 1084 1442 earn
1097 1387 1272 1443 sententium

145 1498 150 1511 ¹
204 1475 390 1549 traducetur.
411 1477 545 1533 Abresclr.
564 1479 677 1532 Auctor.
693 1472 779 1529 dilue.
800 1473 931 1546 Thucyd.
952 1494 979 1547 p.
996 1474 1078 1542 258).
1112 1470 1268 1546 Participia

190 1546 275 1616 ιὅντυι
290 1576 318 1615 et
329 1560 468 1634 δυνάμενα
481 1557 538 1634 pro
547 1560 704 1617 infinitivis
719 1562 813 1633 posits
826 1575 901 1622 sunt,
917 1559 979 1618 vid.
987 1562 1023 1617 ad
1030 1564 1148 1625 l,1r.-
1166 1559 1273 1616 Verbis

206 1646 257 1719 γῆν
272 1669 300 1701 re
312 1656 357 1703 ταὶ
367 1649 464 1707 λίθους
478 1646 547 1704 ὅντοι
559 1642 593 1704 in
606 1647 710 1719 primis
724 1639 906 1720 Anaxigorse
920 1647 1064 1702 decretum
1080 1646 1275 1727 signficatur,

209 1731 299 1788 solem
313 1753 372 1790 esse
388 1736 513 1810 lapidem
529 1755 552 1792 s.
566 1734 686 1808 globum
699 1732 845 1808 lapideum
859 1748 887 1788 et
899 1732 1026 1806 igneum.
1035 1735 1178 1809 JApolog.
1191 1751 1217 1787 c.
1227 1735 1272 1785 14:

208 1815 257 1872 τὸν
273 1820 323 1887 μὲν
338 1816 415 1889 ἥλιον
430 1821 514 1877 λίθον
527 1828 607 1892 φηοίν
620 1817 776 1895 elenensis»
788 1816 817 1875 de*
830 1818 944 1890 σελήνην
958 1817 1018 1891 γῆν.
1042 1818 1174 1891 Xenoph.
1183 1819 1276 1873 Mem.

210 1907 287 1961 Socr.
301 1909 351 1972 IV,
367 1927 390 1977 7.
406 1927 438 1976 7:
456 1904 540 1963 λίθον
550 1903 694 1976 διάπυρονρ
729 1905 798 1965 Vid.
810 1907 936 1979 Diogen.
948 1908 1053 1962 Laert.
1066 1908 1105 1966 11,
1120 1915 1147 1973 8.
1175 1902 1274 1959 schol.

210 1990 246 2046 ad
266 1994 368 2065 Eurip.
388 1992 481 2048 Orest.
503 2001 564 2064 982.
609 1991 708 2063 Wolf.
727 1990 764 2047 sd
784 1984 902 2068 Origen.
921 1991 1087 2064 Philosoph.
1107 1981 1133 2058 8.
1153 1992 1190 2044 T.
1202 1993 1226 2044 1.
1244 2009 1275 2063 p.

210 2074 268 2130 888.
295 2079 381 2133 Paris.
419 2081 546 2134 Fischer.
570 2080 607 2135 sd
629 2077 752 2153 Apolog.
784 2098 813 2155 p.
843 2097 900 2134 102.
937 2076 1085 2151 Rubkopf.
1109 2077 1144 2131 ad
1177 2080 1278 2131 Senec.

212 2161 248 2216 T·
262 2164 311 2221 IV.
331 2185 359 2235 p.
373 2169 432 2221 553.
450 2182 478 2221 et
496 2166 583 2235 Carus
593 2168 624 2220 in
636 2165 801 2238 Fr‘illeborrt.
816 2165 933 2221 Colleet.
946 2167 982 2220 ad
995 2166 1095 2220 histos.
1108 2161 1279 2237 philosoph.

210 2248 240 2299 P·
262 2250 299 2302 X.
324 2250 354 2324 p'.
374 2256 425 2322 257
447 2272 489 2325 eq.
513 2284 549 2295 -
581 2252 720 2324 λόγοισι
741 2282 778 2295 -
801 2244 1122 2323 περιπτπομμλνα,
1146 2248 1280 2320 speciosis'

162 2368 166 2378 .
211 2333 357 2388 verboram
369 2338 526 2397 involueris
546 2353 574 2395 et
588 2333 756 2392 lvelamentis
769 2337 968 2411 probabiliora
982 2325 1105 2392 reddita.
1141 2340 1278 2404 περιπίτ·

158 2426 170 2463 ν’
211 2437 269 2503 esav
281 2422 397 2494 proprie
411 2440 454 2478 est
465 2439 587 2493 onustare
602 2408 926 2484 aerustsm‘obdirceret
946 2423 1049 2478 deinde
1062 2422 1233 2486 trenalertnr
1242 2420 1279 2474 ad

213 2505 329 2587 ornnia,
346 2529 432 2581 quse.
449 2511 523 2566 sieut
540 2509 623 2584 panis
644 2508 693 2565 vel
709 2509 836 2581 placenta
850 2523 944 2564 crusta
962 2496 1035 2563 bella
1052 2509 1220 2572 decoratur,
1237 2509 1279 2561 ita

119 2612 122 2616 ·
211 2590 261 2647 vel
281 2595 377 2648 verbis
398 2595 446 2652 rel
468 2595 524 2650 alia
543 2616 710 2669 quacunque
728 2617 760 2652 re
782 2597 908 2668 spetiosa
929 2595 1108 2650 redduntur.
1134 2593 1279 2648 Similiter

212 2677 326 2733 Latinis
350 2682 483 2747 crustati.
496 2703 539 2743 e..
558 2682 652 2737 forme
665 2684 803 2754 spetiosa)
819 2702 889 2738 vero
902 2702 933 2738 se
945 2681 1038 2737 solido
1050 2679 1228 2754 opponitur,
1247 2695 1280 2735 ut

216 2764 319 2818 Seneca
328 2766 487 2839 deprovid.
501 2772 533 2822 6:
549 2785 630 2830 „non
643 2781 684 2821 est
696 2769 747 2824 ista
764 2767 857 2824 solida
870 2788 902 2825 ao
916 2769 1023 2824 sineere
1036 2767 1165 2824 felicitas:
1187 2756 1281 2822 crusta

161 2906 166 2917 ,
214 2861 286 2906 est.·‘
322 2854 529 2927 Aristophanes
537 2845 613 2908 Plut.
622 2858 686 2924 159:
707 2850 825 2922 ὀνόματι
838 2858 1034 2924 περιπέττουσι
1045 2853 1095 2924 τήν
1108 2857 1281 2921 μοχθηρίαν,

213 2936 266 2991 ubi
286 2956 316 2992 v.
339 2941 464 3012 Berglsr.
489 2943 666 3009 (Fischerus‚
693 2937 869 2994 Scltoliasten
880 2953 1010 2999 secutuss
1028 2959 1088 2995 non
1100 2954 1176 2994 recte
1191 2938 1282 3014 expli·

215 3023 300 3089 cuit).
336 3027 469 3099 Xenoph.
486 3027 596 3085 Oecon.
613 3030 636 3088 Ι,
650 3042 700 3080 20:
727 3020 771 3081 ὅτι
783 3021 868 3078 λύπαι
882 3023 937 3093 ἄρα
951 3019 1026 3093 ἦσαν·
1037 3023 1152 3095 ἡδοναῖς
1164 3044 1281 3094 περιτο·

213 3113 353 3177 πεμμέναι
375 3113 467 3184 (quod
484 3133 543 3168 nou
565 3111 733 3187 simpliciter
757 3127 797 3167 est
819 3112 945 3166 obtectae
958 3131 980 3167 s.
997 3112 1124 3174 velatae.
1143 3125 1175 3165 ut
1194 3111 1282 3166 inter·

214 3212 323 3269 Ρῐθῑθθ,
349 3192 380 3254 vi
393 3217 414 3252 e.
441 3198 639 3264 Schneiderus,
661 3212 824 3270 exponunt,
851 3197 901 3252 sed
924 3210 1094 3267 exornatae,
1111 3198 1207 3271 igitur
1220 3208 1282 3270 spei

217 3285 286 3336 ciem
307 3284 489 3357 voluptatum
502 3286 682 3358 praebentes,
701 3286 861 3356 voluptates
879 3278 1033 3351 mentitae).
1067 3284 1191 3340 Lutian.
1205 3287 1283 3339 Ana·

215 3368 406 3442 ehars.§.19.
428 3372 514 3426 T.11.
533 3391 562 3444 p.
576 3370 643 3437 267:
669 3375 845 3440 περιπέττειν
865 3368 898 3424 τὸ
919 3367 1036 3440 πρᾶγμα
1058 3369 1088 3425 ἐν
1108 3374 1167 3426 τοῖο
1179 3367 1284 3441 λόγους.

217 3455 262 3510 Cf.
290 3456 319 3509 V
317 3456 432 3512 alchena
444 3457 480 3510 ad
500 3458 602 3532 Eurip.
625 3458 725 3529 fragm.
745 3477 774 3529 p.
788 3466 846 3526 ¹58·
862 3458 896 3512 A.
914 3469 943 3511 et
956 3450 1064 3511 Iaeobs.
1077 3455 1236 3513 Animadv.
1249 3454 1282 3508 in

217 3539 318 3597 Athen.
336 3564 366 3619 p.
381 3564 431 3616 279
447 3563 489 3618 sq.

285 3712 342 3768 νῦν
361 3713 398 3769 δὲ
418 3709 485 3770 ὅτε.
522 3717 594 3770 Cod.
611 3721 691 3772 Voss.
710 3712 787 3774 dures
798 3708 851 3786 pro
868 3709 930 3780 ὅτις
952 3716 1028 3772 haud
1051 3714 1139 3771 dubis
1155 3711 1233 3771 ὄντες
1248 3731 1283 3767 ex

215 3800 448 3872 interpretatione
467 3801 566 3862 fluxit3
594 3800 687 3857 solent
705 3804 784 3857 enim
803 3801 890 3857 verba
902 3799 1039 3873 τυγχάνειν
1053 3802 1099 3870 (r.
1110 3799 1229 3853 'Locelb
1245 3797 1284 3853 ad

213 3885 346 3969 Xenoplt.
362 3887 468 3960 Eshes.
487 3909 516 3960 p.
528 3887 589 3943 266.
609 3904 636 3943 et
650 3888 796 3960 Heindorf.
813 3889 848 3943 ed
862 3890 950 3964 Gorg.
967 3909 995 3962 p.
1013 3886 1080 3959 190.)
1094 3902 1121 3940 et
1132 3891 1226 3956 κυρεῖν
1241 3893 1283 3946 (v.

217 3970 347 4045 Erfurdt.
369 3975 406 4030 ad
430 3973 562 4050 Sophool.
583 3974 682 4051 Antig·
705 3973 804 4046 483·)·
828 3975 915 4031 etiam
933 3975 994 4031 sine
1013 3973 1170 4050 participio
1195 3972 1283 4030 verbi
