2670 4778
487 420 542 503 IN
563 421 701 481 LEGG..
722 423 799 490 VIII,
813 426 840 481 4.
1025 446 1028 453 ’
1097 433 1145 484 4οι

78 556 202 625 §irruere
223 557 330 631 syllaba
354 572 456 626 οικοος
478 577 494 612 ο
515 578 587 616 voce
605 559 693 630 χειρός
712 548 924 633 ¹compendiose
943 565 1047 639 scripta
1068 570 1147 625 nasci
1290 598 1298 607 ·

76 646 188 720 potuita
206 643 293 715 ι’σχὸος
306 666 378 725 vero
393 646 518 720 scripto,
543 651 593 701 ιιαί
605 647 836 719 interponeretur
848 667 959 705 necesse
974 665 1040 706 erat.
1091 656 1094 662 '

147 765 438 845 σταδιοδρόμον.
482 775 568 829 Libri
591 775 664 840 editi
681 767 783 831 vornnoa
813 776 1033 849 omaodpo'uav,
1064 784 1142 857 quod
1249 820 1253 829 .

48 873 52 877 “
74 861 183 918 vitium
199 861 343 916 neminem
360 861 452 916 miror
466 861 710 917 animadvertisse.
746 860 880 932 Αμὸμος,Ι
892 884 1006 928 cursus,
1028 887 1144 944 perage-
1229 915 1232 919 .

74 946 326 1011 baturinstadio‚
345 948 423 1019 quod
438 948 545 1017 (Plinio
567 963 682 1025 auctore
693 951 730 1002 H.
739 950 777 1005 N.
792 952 829 1014 II,
839 954 880 1006 23.
920 953 974 1011 Sed
988 954 1021 1008 cf.
1039 956 1141 1011 Strabo
1219 996 1229 1021 ,
1270 952 1274 961 ’

73 1036 141 1096 vn.
162 1054 188 1107 p.
203 1037 262 1104 497.
282 1032 382 1106 ibique
399 1033 556 1089 casaubon.
571 1048 600 1088 et
616 1034 743 1089 Gronov.
759 1035 793 1088 ad
815 1039 848 1102 A„
865 1035 937 1111 Gellp.
953 1039 1038 1093 Noct.
1053 1042 1140 1097 Attio.

73 1124 97 1187 Ι,
110 1122 150 1188 r.)
172 1124 328 1192 uspersus
345 1124 358 1189 (
365 1121 450 1192 pedes
463 1134 606 1176 sexcentos
625 1133 653 1173 et
679 1120 791 1190 viginti
813 1121 958 1194 quinque)
973 1114 1140 1192 ¹efficiebat,

72 1225 104 1265 at
124 1208 301 1283 quadruplex
323 1220 398 1287 arat:
435 1209 461 1275 1)
485 1203 650 1271 οτὸδιον,
681 1224 779 1265 cursus
800 1204 831 1259 in
845 1207 946 1261 stadio
966 1209 1073 1282 (spatio
1092 1214 1140 1267 125

72 1295 251 1366 passuum);
279 1295 305 1361 2)
325 1290 491 1354 δίαυλος,
509 1310 612 1346 cursus·
628 1291 805 1363 duplicatus,
831 1310 889 1363 quo
913 1312 1040 1350 cursores
1061 1294 1138 1353 idem

71 1378 198 1435 stadium
213 1379 257 1435 bis
271 1378 497 1438 emetiebantur3
520 1379 554 1432 ad
570 1378 695 1432 stadium
720 1377 797 1431 enim
823 1374 912 1448 quum
934 1383 1140 1451 pervenissent,
1185 1418 1188 1423 ·

71 1483 107 1519 eo
120 1464 314 1530 recurrebant,
327 1466 408 1545 pnde
423 1483 540 1521 cursum
562 1479 711 1536 coeperant
737 1463 820 1532 (vid.
845 1465 996 1538 Spaniam.
1018 1466 1050 1520 ad
1076 1471 1139 1525 Cal-
1245 1466 1247 1469 ’

70 1548 345 1612 lim.H.iuPalIrd.
362 1554 445 1618 23.);
473 1551 500 1616 ὅ)
521 1545 684 1615 δόλιχος,
710 1567 826 1610 cursus.
844 1568 902 1625 quo
917 1546 1012 1608 'sexies
1032 1561 1080 1609 vel
1095 1573 1137 1610 se.

69 1640 145 1709 pties
165 1638 288 1693 stadium
309 1640 517 1694 emetiebantur
548 1633 717 1707 (spanhem.
737 1636 773 1690 ad
798 1636 912 1691 callim.
940 1657 968 1710 p.
990 1641 1083 1708 553.);
1110 1659 1138 1714 et
1196 1643 1199 1651 ’

23 1733 26 1739 “
55 1727 102 1795 Ι4)
118 1723 288 1793 ὁπλίτης,
312 1741 410 1779 curtus
436 1738 561 1779 armatus
582 1724 630 1789 (v.
660 1721 752 1776 Schol.
775 1723 809 1775 ad
831 1714 977 1796 Ariitoph.
999 1728 1055 1781 Av.
1077 1734 1138 1798 295,

70 1815 114 1869 cf.
133 1813 233 1866 Pollux
248 1813 372 1878 III,147.
399 1809 550 1880 Spanlzem.
569 1808 603 1862 ad
619 1808 731 1863 callim.
750 1810 810 1863 625.
823 1811 893 1880 eq.)
933 1808 969 1863 01‘
980 1807 1138 1882 διανλοδρὸ-

70 1921 122 1970 μοι
135 1897 183 1951 vel
196 1897 316 1969 pedibus
334 1895 385 1951 vel
399 1913 484 1949 curru
499 1892 623 1948 stadium
637 1893 682 1949 bia
704 1894 1052 1957 emetiebantura’idcirco
1070 1913 1138 1971 post
1155 1918 1158 1924 ·

72 1982 181 2039 δίαυλος
196 1997 373 2037 memoratur
389 1977 402 2033 ὁ
418 1979 562 2049 ἰφίππειος
581 1977 713 2051 (δρόμος)
723 2021 731 2045 ,
755 1999 852 2035 curus
874 1975 1026 2056 equestris,
1043 1983 1084 2038 ita
1105 2001 1138 2041 ut

68 2067 86 2124 ὁ
102 2068 209 2124 δίαυλος
221 2071 338 2142 proprie
353 2068 444 2123 dictus
459 2067 496 2120 sit
508 2084 605 2119 cursus
619 2065 763 2138 pedester,
781 2067 863 2141 cpius
885 2066 1038 2140 singularis
1054 2091 1138 2142 quae·

70 2157 137 2210 dam
152 2150 557 2227 speciesda'ptnaaorfuarie
584 2152 709 2206 eiusdem
734 2172 805 2207 vero
827 2171 975 2209 mensurae
998 2175 1029 2210 ac
1052 2157 1136 2226 pede·

68 2259 127 2299 ater
149 2259 255 2295 cursus.
299 2241 431 2295 Ceterum
453 2237 544 2311 primi
566 2240 697 2293 omnium
718 2257 753 2292 ex
776 2240 885 2294 athletis
906 2244 1137 2311 provocabantur

67 2346 214 2393 cursoret,
232 2342 259 2381 et
276 2326 414 2397 postremi
425 2324 464 2384 ii,
482 2325 554 2394 quos
572 2325 706 2397 graviora
728 2325 823 2378 subire
845 2329 999 2383 certamine
1022 2346 1136 2401 oporto.

54 2415 125 2490 ‚bat
162 2414 232 2472 vid.
249 2414 280 2468 Ρ,
300 2413 386 2466 Fabri
400 2409 531 2487 Agonist.
547 2413 569 2473 1,
586 2413 626 2463 28.
661 2413 788 2466 Gronov.
808 2411 894 2466 Thes.
911 2413 992 2471 VIII.
1011 2437 1039 2489 p.
1060 2422 1134 2488 1915.

67 2516 156 2577 ειμι
168 2520 192 2556 ο.
207 2505 249 2556 50.
275 2520 303 2572 p.
322 2516 395 2568 1920.
410 2516 452 2568 eq.
472 2526 506 2537 —
526 2497 624 2561 Verbo
646 2494 819 2563 ὁπλισμίνον
842 2515 940 2556 cursus
961 2497 1076 2570 ὁπλίτης
1097 2505 1135 2558 ai.

65 2573 236 2663 gnificatur,
253 2584 346 2660 quih.
364 2581 401 2644 I.,
420 2603 510 2657 quum
524 2601 622 2661 cursus
644 2583 766 2638 omnino
789 2582 850 2637 sine
869 2586 955 2638 armis
976 2605 1036 2640 uon
1057 2608 1133 2658 pera·

65 2688 219 2750 gatursest
230 2691 327 2727 cursus
341 2672 373 2726 in
388 2672 472 2746 gravi
491 2685 641 2726 armatura.
677 2671 744 2727 Vid.
766 2668 797 2721 P.
819 2668 904 2722 Fabri
923 2673 1015 2745 Agon.
1035 2674 1133 2739 ·11,34.
1215 2662 1223 2671 “

66 2763 199 2818 Gronov.
213 2759 297 2814 Thes.
315 2779 344 2831 p.
354 2761 429 2828 2095.
450 2789 482 2796 -
500 2761 554 2813 Pro
570 2757 704 2828 ἐφίππιον
721 2775 735 2810 e
751 2753 814 2808 cod.
832 2756 914 2811 Voss.
931 2757 1078 2828 ἐφίππειον
1092 2779 1135 2814 re·

67 2849 215 2922 cepimus,
234 2861 267 2900 ut
278 2864 322 2920 ap.
339 2842 470 2915 Xenoph.
486 2843 592 2914 Cyrop.
610 2843 691 2904 VIII,
707 2847 733 2897 5.
750 2842 775 2897 6.
793 2839 909 2916 legitur.

136 2972 448 3041 ἐπονομάζοντες,
467 2966 587 3024 refertur
602 2969 637 3024 ad
658 2988 852 3043 praegressum
874 2968 907 3025 δν
926 3002 960 3012 -
977 2968 1135 3043 οἱηοηίιομιν,Ι

28 3042 33 3055 x
65 3061 219 3139 quocirca,
247 3057 460 3115 constructione
482 3070 605 3117 mutata,
638 3053 857 3124 διαμιλλώμενον
885 3058 1030 3132 sequitur,
1056 3081 1087 3117 ao
1108 3060 1135 3132 ai

64 3149 207 3220 scriptum
225 3145 277 3199 sit:
298 3152 344 3198 ιιαί
355 3140 439 3197 πάλιν
457 3140 574 3210 ὁπλίτην
587 3139 744 3212 ἀφήσομεν,
762 3139 917 3213 βαρύτερον
936 3141 1053 3214 ὁπλίτην
1072 3145 1136 3216 (αὕ-

65 3233 132 3301 τὸν)
152 3225 596 3299 ἓτονομοὶζοντες,·λςιατίραςδί
618 3225 685 3282 ὁδοῦ
704 3226 923 3298 διαμιλλώμενον
950 3234 1018 3301 (ηαί
1035 3266 1069 3275 -
1088 3234 1134 3288 de-

67 3329 177 3384 certet).
214 3319 343 3371 Ficinus:
359 3315 496 3382 „brevius
514 3334 545 3368 ac
557 3315 671 3387 planius
691 3315 815 3390 apetium
833 3324 1001 3387 cureurpe.“
1034 3320 1134 3385 Nesci-

64 3425 146 3471 mus,
164 3425 201 3460 au
217 3405 251 3458 de
264 3423 316 3459 auo
338 3402 481 3457 addiderit
496 3400 614 3456 brevius.

67 3588 70 3593 ,
134 3531 174 3589 τὸ
179 3552 195 3588 ν
219 3531 254 3586 δὲ
273 3530 382 3609 ὁὶλλον
392 3571 401 3598 ,
417 3532 440 3586 i.
455 3551 494 3596 α,
513 3531 675 3604 reliquumr
695 3547 757 3583 eum
769 3550 835 3590 vero
855 3518 1010 3601 cursorem,
1030 3537 1079 3610 qui
1092 3554 1131 3587 ra·

65 3625 157 3701 tiques
177 3620 283 3692 (igitur
294 3620 472 3694 postremus)
491 3631 539 3684 esa,
558 3619 735 3692 sagittarium
748 3634 825 3691 puta,
844 3615 955 3690 α’φηόο
966 3641 1033 3688 μιν
1052 3619 1132 3686 ὁμιλ·

63 3707 188 3779 λώμενον
202 3705 253 3776 τήν
272 3703 375 3779 (ὁδὸν)
395 3701 429 3757 δι’
445 3701 517 3775 ὁμοῖν
533 3725 563 3759 τι
577 3713 622 3758 καί
635 3709 774 3761 παντοίας
789 3702 894 3773 χώρας,
920 3706 998 3775 quod
1020 3706 1133 3778 opposi-

63 3810 127 3851 tum
140 3810 182 3849 eet
194 3792 254 3850 illis
263 3794 403 3861 λειοτέρας
419 3788 452 3844 δι’
467 3788 541 3845 ὁδοί.
576 3792 621 3845 De
638 3791 688 3845 hac
699 3791 883 3865 pronominis
897 3790 978 3846 ἄλλος
991 3790 1132 3864 significa·

62 3882 220 3939 tionerid.
235 3881 333 3937 Lexic.
358 3879 542 3952 Xenophout.
558 3878 595 3936 V.
619 3879 643 3930 I.
664 3895 693 3949 p.
716 3879 770 3930 ree
804 3876 946 3930 Similiter
967 3895 988 3931 c.
1011 3889 1051 3933 τις
1066 3938 1070 3943 ,
1088 3878 1134 3937 Ab

61 3969 130 4025 tid.
143 3971 218 4025 Lor.
234 3969 298 4027 Bar·
314 3986 338 4024 1.
355 3982 384 4023 et
396 3986 420 4023 2.
439 3963 615 4040 praepositIo
632 3959 679 4027 διά
692 3961 775 4021 abest
794 3991 830 4016 -,
846 3965 881 4018 Iu
898 3980 970 4033 seqq.
989 3959 1022 4031 δι’
1035 3962 1132 4027 arata

55 4090 66 4103 ’
96 4075 248 4167 ᾼαίπιαίν.
267 4098 298 4152 in
321 4096 432 4153 Platon.
452 4092 526 4167 Lag.
595 4072 597 4077 ⁸
879 4091 927 4148 Co
976 4102 1001 4169 ,1
