2670 4778
757 209 767 267 l

436 430 486 484 IN
509 431 645 488 LEGG.
671 431 791 497 v111,3.
808 450 835 501 9.
1076 450 1141 492 *urb

16 630 19 635 ¹
79 570 155 627 Mox
170 570 234 627 Ald.
256 572 332 628 Lov.
351 575 417 628 Bes.
439 593 462 626 r.
483 586 511 626 et
529 585 555 625 2.
583 565 670 623 αὐτῶν
687 587 739 643 pro
755 567 915 628 sitiverit.
933 602 968 617 ·-
984 576 1056 630 εἴτε
1075 574 1139 637 εἷς’,

75 640 220 731 uelem,
949 646 953 657 “

146 794 207 859 b‘tls'
222 788 265 859 til¹
277 805 454 861 Κλεινίας
470 828 513 856 -ι
533 802 604 858 Cori.
627 804 710 859 Voss.
735 798 798 856 bele*
819 801 860 870 δή.
896 805 1054 879 Vulgetum
1066 828 1138 865 vero

34 912 37 919 ·
78 888 196 943 Ficinus
207 911 324 965 quoque
339 890 492 964 expressit:
512 928 530 952 „
538 889 645 945 Cliniae
660 907 729 942 vero
746 891 837 943 iste.=“
865 884 933 945 ‘'Oele
949 908 990 946 est
1002 891 1140 953 δεικτικῶς

75 976 206 1048 positum
230 992 326 1037 nostr.
341 978 431 1044 hier),
447 975 509 1030 vid.
525 973 651 1045 Semifer.
671 975 768 1029 Melet.
784 973 873 1028 critic.
888 995 916 1047 p.
927 991 961 1043 77
975 996 996 1033 e.
1012 1008 1049 1023 -
1068 985 1140 1038 Pau.

76 1059 108 1117 lo
128 1078 194 1136 post
204 1064 268 1118 sle.
284 1052 361 1120 Lor.
376 1067 440 1118 Bas.
456 1083 481 1118 r.
497 1076 525 1117 et
538 1077 565 1117 2.
584 1062 610 1115 εἴ
620 1080 648 1115 τι
660 1080 715 1135 pro
732 1062 772 1114 ἔτι
784 1061 929 1116 exhibent.

459 1282 621 1375 ¹cnr.
666 1283 730 1341 rx.

145 1422 502 1490 κατασκευάζεσθαι.“
525 1424 570 1477 Sic
578 1422 640 1476 cod.
654 1424 736 1481 Voss.
751 1440 805 1495 pro
820 1418 1043 1486 κατεσκευάσθαι,
1057 1426 1137 1497 quod

77 1508 183 1563 merito
207 1510 379 1583 Stephanum
401 1510 537 1575 offendit,
565 1511 634 1563 adeo
656 1525 689 1563 ut
707 1506 959 1564 κατασκευάσασθαι
973 1513 1138 1581 corrigeret.

75 1594 192 1650 Deinde
203 1602 271 1663 μέν,
294 1599 373 1670 quod
391 1592 551 1667 Stephanus
574 1595 605 1649 in
625 1594 692 1664 ἡμῖν
712 1594 818 1650 mutari
836 1594 967 1660 iubebet,
998 1611 1072 1651 recte
1090 1596 1139 1653 hr-

77 1679 140 1739 bett
173 1686 326 1754 respondet
348 1683 426 1736 enim
449 1681 495 1735 illi
514 1680 545 1735 τὸ
565 1679 601 1735 δὲ
625 1688 689 1745 τίνα
715 1680 836 1750 τρόπον,
874 1681 926 1735 int.
956 1680 1024 1736 ab&
1053 1703 1138 1737 rere·

76 1766 254 1831 σκευάζεσθαι
287 1767 341 1829 δεῖ,
373 1766 412 1822 itl
431 1766 502 1822 uti*
529 1769 630 1838 ἔφαμεν
655 1801 683 1808 --
708 1773 851 1839 γίγνεσθαι
876 1788 928 1839 per
956 1768 1139 1839 parenthesin

75 1851 244 1925 interposite
258 1858 324 1909 sint.
360 1859 414 1909 Pro
428 1859 519 1925 φαμέν
532 1871 603 1908 vero
611 1891 620 1915 ,
645 1854 756 1925 nequis
770 1873 805 1908 ex
819 1854 942 1925 Grynaei
958 1857 1140 1911 translatione

77 1939 228 2004 coniiciet,
252 1944 273 1994 F
276 1942 385 1995 isinum
407 1940 506 2014 legisse
523 1940 641 2010 ἔφαμεν,
667 1940 744 1995 haud
775 1943 822 1995 ebs
831 1960 861 1994 re
874 1941 1056 1995 eritmonere
1063 1981 1071 2007 ,
1090 1963 1138 2014 ge·

76 2025 197 2078 nuinam
211 2029 232 2079 F
233 2027 305 2081 icini
316 2026 527 2080 translationem
541 2026 614 2079 hauc
633 2044 707 2079 esee:
725 2047 835 2096 „quem
855 2026 971 2098 quidem
991 2046 1051 2081 rem
1065 2029 1138 2083 alibi

78 2110 224 2165 difficilem
241 2132 300 2167 esse
320 2114 447 2170 dirimam
458 2118 475 2144 “
500 2130 663 2184 quenquam
680 2112 797 2181 ἔφαμεν,
816 2114 841 2166 si
856 2113 926 2166 libri
946 2129 1085 2185 spectatae
1105 2114 1138 2166 fi·

78 2196 126 2249 dei
152 2200 329 2269 praeberent,
360 2196 491 2270 equidem
514 2197 633 2267 vulgato
660 2200 873 2270 preelerendum
901 2218 958 2254 esse
986 2215 1138 2254 censerem.

76 2284 117 2337 Et
136 2283 176 2336 ita
203 2285 354 2339 Carnarius
373 2303 488 2356 quoque
508 2285 607 2337 vertit.
655 2285 728 2337 Mox
747 2285 810 2338 Ald.
830 2287 906 2339 Lov.
930 2289 1043 2340 Bas..r.
1063 2301 1091 2340 et
1111 2305 1137 2342 u.

76 2366 303 2440 ἀπεργάσασθαι,
330 2372 409 2443 quod
435 2369 611 2440 Stephanus,
634 2384 668 2423 ut
689 2370 765 2425 milri
778 2371 909 2437 videtur,
929 2372 991 2425 sine
1005 2392 1089 2427 causa
1104 2372 1139 2427 in

78 2450 285 2526 ἀπεργάσεσθαι
298 2457 433 2511 mutavit.

146 2601 392 2660 παντοδαπός.
428 2602 499 2657 eod.
517 2604 597 2657 Voss.
618 2601 816 2673 treprotlermic.
858 2606 986 2658 Ficinus:
1011 2605 1137 2680 „victus
1204 2676 1208 2681 ·

76 2686 111 2741 in
125 2687 188 2742 aliis
201 2686 367 2744 civitatibus
381 2688 534 2762 multiplex
548 2688 692 2759 variisque
706 2709 740 2742 ex
760 2688 865 2744 locis.“
951 2689 987 2743 ἐκ
1006 2688 1023 2742 ὃ
1029 2711 1039 2742 ι
1049 2691 1140 2744 πλα-

76 2780 158 2828 σίων
177 2774 195 2842 ἢ
212 2775 373 2831 coicere:
392 2797 407 2829 e
428 2775 517 2845 delo
536 2775 667 2847 pluribus
689 2776 784 2844 (rebus
797 2774 843 2832 vel
855 2776 1031 2846 elementis),
1050 2794 1137 2847 quam

77 2860 123 2914 his
137 2861 265 2929 (civibus
277 2862 382 2916 nostris
395 2863 513 2927 futuris-
529 2864 593 2915 erit.

147 3005 235 3060 eall
254 3003 278 3059 δ’
295 3006 331 3060 e'l.
343 3007 485 3068 α’ττσυς,
502 3008 523 3060 i.
536 3027 575 3071 e.,
600 3003 669 3063 ellici
690 3015 735 3062 ecl
751 3006 821 3062 nolti
841 3004 976 3066 ἐλάττους.
1012 3006 1080 3065 Vid.
1101 3008 1137 3063 sd

74 3097 114 3158 11,
128 3112 170 3147 ro.
210 3092 380 3145 Cornarius:
397 3112 481 3152 „non
494 3093 571 3148 enim
584 3093 704 3147 dimidie
720 3093 815 3147 solum
828 3093 921 3166 legum
942 3113 1007 3168 psrs
1023 3094 1137 3153 suffece-

76 3178 137 3242 rit}
161 3179 211 3233 sed
230 3178 324 3237 multo
343 3179 525 3251 pauciores.“
548 3206 583 3221 -
617 3178 704 3233 Libri
726 3193 796 3233 vett.
822 3179 930 3233 πολλοί.
965 3178 1034 3234 Cod.
1052 3180 1137 3239 Voss.

76 3264 169 3321 ἔστιδ’
185 3284 237 3341 pro
253 3263 337 3320 i'rsel'.

147 3412 204 3467 cei
214 3410 363 3472 σινιιῶν,
393 3410 589 3485 vectigalium.
636 3411 734 3485 Vulgo
758 3412 926 3487 τελώιιιισῖι,
960 3413 1039 3487 quod
1063 3412 1138 3467 inter

77 3496 284 3554 πανδοκεῦσεωσ
298 3512 326 3551 et
337 3496 505 3564 μεταλλειῶν
520 3497 649 3569 positum
664 3515 723 3552 non
735 3499 925 3573 posselocum
937 3499 1053 3559 bebere,
1076 3501 1137 3552 Ste-

66 3570 188 3656 'plranus
201 3604 291 3658 quum
305 3582 417 3655 egregie
432 3581 552 3637 vidisset
560 3621 569 3647 ‚
587 3597 637 3635 eut
648 3584 794 3637 celwrswiv
810 3600 858 3639 aut
873 3583 1091 3639 nevtluetvrmeiv
1109 3597 1138 3639 et

76 3669 293 3741 μεταλλευτικῶν
304 3668 451 3723 Platonem
465 3669 609 3738 scripsisse
622 3668 774 3726 arbitratus
790 3685 838 3725 est.
876 3672 956 3724 Prius
968 3669 1137 3741 recepimus.

78 3789 114 3801 -
130 3757 309 3812 ἐπιτόκων
327 3754 456 3809 τόκωνι
480 3756 586 3827 quibus
604 3754 816 3811 foenerstorum
829 3756 999 3828 improbitas
1013 3770 1138 3816 notatur,

79 3863 196 3899 usuram
211 3863 276 3899 cum
291 3857 365 3917 sorte
373 3841 578 3915 coniungendi,
586 3860 644 3915 quo
651 3861 765 3896 usuram
774 3838 1138 3908 usuraepo‘novvdnovffid.

78 3931 227 4001 Aristoplr.
241 3933 318 3986 Nub.
331 3944 404 3998 ²¹55·
424 3931 474 3985 ubi
496 3946 526 3980 v.
539 3927 641 4000 Spenlu
665 3942 691 3982 et
709 3928 849 4001 Theoplrr.
865 3927 947 3981 Char.
962 3945 983 3981 c.
1001 3928 1039 3980 X.
1057 3927 1083 3994 b.
1096 3932 1138 3998 3.)

80 4005 220 4101 recipiant
235 4033 264 4075 et
275 4035 336 4075 sors
350 4016 400 4073 fruc
411 4034 449 4073 ex
461 4033 552 4073 usura·
570 4043 605 4055 ·-
622 4012 664 4069 τιὶ
680 4032 725 4068 πο
736 4013 817 4079 liei,
838 4013 994 4068 munimem
1011 4027 1137 4087 partem·;
