2670 4778
226 414 277 468 sis
526 402 1002 464 Aurmtnvnnsronss
1071 371 1074 377 ’

227 565 269 604 set
284 549 408 618 ἰγείρειε,
434 543 482 597 sed
493 543 602 598 Atticos
617 542 701 615 etism
716 539 766 594 illa
779 541 871 597 forma
884 544 1036 598 communi
1054 564 1121 601 usos
1143 564 1203 603 esse
1222 566 1288 604 eon·

188 697 192 703 ¹
220 622 298 699 stat)
316 631 492 702 scripsimus.
514 631 624 681 Ficinus
638 627 692 683 hoe
704 621 853 683 confirmet
869 645 997 683 vertens:
1017 650 1101 694 „non
1114 633 1205 687 modo
1217 633 1287 687 ridi-

179 740 188 761 -’
226 721 288 774 cula
301 711 397 772 nostri
409 715 500 769 oratio
512 713 674 778 videretur,
694 714 742 768 sed
755 729 783 768 et
796 714 872 785 irem.
882 715 1068 770 multitudini
1082 722 1247 773 concitaret.
1255 723 1273 752 ‘⁸

207 896 215 920 ‘
292 884 413 958 cuprio
432 882 556 954 ῥᾴδιον
575 899 626 939 cet.
661 886 757 940 Locus
778 885 826 938 hic
845 887 1115 957 praestantissimus,
1134 888 1159 943 ti
1174 907 1286 945 secura·

223 976 281 1042 tius
307 990 334 1028 et
351 972 463 1045 plenius
483 991 547 1023 eum
569 970 710 1043 explicare
734 971 886 1036 vellemus,
918 972 1091 1047 peculiarem
1112 972 1284 1047 desiderent

222 1046 421 1135 scriptionem.¹
442 1057 583 1128 Quaedam
599 1057 689 1128 igitur
703 1057 841 1128 primarie
856 1058 1028 1131 significasse
1041 1059 1173 1113 sufficiat.
1193 1061 1282 1130 Quae·

163 1196 165 1200 ,
221 1141 626 1218 cunqueevariiselementis
641 1142 930 1216 itaeomponuntur,
949 1159 981 1198 ut
1001 1145 1172 1216 temperatio
1197 1165 1281 1217 quse·

210 1234 286 1286 ¹dam
304 1226 334 1283 'et
351 1227 499 1288 harmonia
524 1227 694 1290 efflorescat,
712 1250 742 1283 ea
765 1229 883 1284 misceri
896 1227 1106 1300 (κεράννυσθαι)
1124 1231 1281 1286 Graeci-di-

221 1331 303 1378 cunt,
322 1331 350 1370 et
366 1315 513 1367 harmonia
535 1316 596 1386 ipsa
617 1334 639 1368 a.
661 1316 830 1388 temperatio
843 1318 937 1385 κρᾶσις
950 1331 978 1368 et
990 1312 1133 1385 σύγκρασις
1148 1327 1278 1371 vocatur.

220 1404 323 1459 Omnis
340 1418 412 1457 vero
432 1400 536 1452 creatio
552 1417 580 1480 et
593 1399 673 1456 fictio
689 1421 778 1474 quum
790 1401 1012 1467 elementorum,
1032 1402 1163 1474 equibus
1176 1401 1288 1478 resfing

170 1495 175 1513 '
218 1490 309 1563 genda
333 1484 489 1546 constabit,
513 1487 726 1558 compositione
755 1503 838 1561 etque
862 1488 1066 1559 temperatione
1088 1489 1290 1550 contineatur,

217 1575 388 1632 creationem
402 1572 433 1625 in
446 1572 518 1624 unis
520 1590 611 1626 ereum
628 1575 728 1628 Graeci
742 1587 908 1646 comparant
921 1573 1060 1626 mixtioni
1074 1574 1144 1645 ipsis
1161 1593 1279 1649 consue·

218 1678 259 1715 tae
272 1661 338 1715 vini
351 1673 378 1712 et
390 1677 478 1731 aquae
486 1660 584 1730 (qussi
596 1659 782 1714 diversorum
798 1659 1035 1731 elementorum·
1026 1676 1057 1711 tn
1066 1674 1180 1714 cratere.
1201 1644 1285 1715 Hinc

217 1735 379 1816 ὃησισιργόο
401 1759 442 1797 est
461 1742 476 1796 ὁ
498 1743 642 1811 κεραννὺο,
666 1747 717 1819 qui
736 1746 873 1801 elementa
885 1765 981 1799 rerum
993 1744 1130 1803 diverse
1117 1765 1146 1798 εν
1159 1765 1280 1815 κρατηρι

215 1847 368 1911 componit
378 1848 405 1884 et
421 1845 565 1932 temperat
601 1833 678 1885 Tim.
697 1851 725 1903 Ρ.
740 1841 782 1898 4¹·
797 1834 843 1887 D:
862 1838 907 1885 καὶ
919 1830 1059 1884 relevent
1074 1851 1124 1885 τσν
1136 1829 1312 1900 προτερον·

215 1922 353 1989 κρατιρρα,
372 1917 401 1975 ἐν
419 1920 438 1968 ‹i›
453 1919 501 1986 τνῑν
516 1917 565 1971 τοῦ
578 1916 684 1974 neeric
701 1917 785 1986 ψυχὴν
806 1913 937 1984 nspnrvv't
957 1918 1059 1987 ἔμισγε,
1079 1913 1111 1970 rei
1129 1915 1184 1984 τῶν
1205 1912 1276 1984 πρό·

214 2010 281 2061 σθεν
304 1999 444 2056 emulemur
461 2005 599 2079 κακεχειτο
619 2007 734 2074 μίσγον.
772 2005 833 2072 Qua
854 2001 1000 2072 quidem
991 2003 1116 2074 imagine
1140 1978 1275 2058 ‹licinon

212 2103 305 2162 potest
319 2103 491 2158 quantopere
510 2089 625 2142 seriores
643 2087 824 2161 philosophi,
844 2089 875 2141 in
896 2088 998 2160 primis
1011 2087 1166 2152 Platonici,
1185 2100 1275 2162 paene

214 2173 375 2230 abusisint
411 2175 478 2229 Vid.
497 2174 620 2229 Creuzer.
633 2174 759 2246 Dionys.
771 2177 842 2230 Ρ..Ι
834 2196 888 2249 ..Ρ
903 2182 937 2241 52
954 2192 994 2244 sq.
1015 2174 1144 2245 Symbol.
1160 2178 1273 2248 etMy·

211 2261 322 2329 tholog.
340 2262 435 2329 ultr.
454 2280 482 2333 p.
497 2269 549 2326 iao
562 2278 602 2332 sq.
640 2259 687 2318 Sic
704 2261 789 2324 etiem
803 2260 831 2316 h.
844 2260 864 2312 l.
879 2260 1006 2315 civitatis
1021 2260 1190 2335 temperatio
1205 2261 1273 2316 vini

211 2362 239 2400 et
254 2366 342 2420 aquae
357 2345 548 2400 moderationi
560 2361 641 2417 atque
656 2346 797 2402 missioni
811 2346 842 2400 in
854 2363 960 2402 cratere
974 2362 1169 2420 eomparatur,
1188 2349 1272 2425 eidi·

136 2430 138 2434 ’
209 2452 289 2487 versa
310 2431 462 2494 elementa,
496 2451 618 2507 quorum
645 2423 855 2507 compositione
873 2446 899 2486 et
918 2434 1124 2503 temperatione
1143 2434 1272 2490 civitatis

210 2517 361 2571 harmonia
383 2521 563 2583 continetur,
586 2521 677 2574 enimi
694 2518 792 2576 fervor
811 2534 839 2572 et
858 2519 982 2582 sedati0,
1002 2517 1050 2570 ille
1065 2519 1186 2582 vinum,
1201 2520 1271 2574 haee

208 2612 278 2676 aqua
291 2603 404 2659 dicitur.
438 2607 540 2663 Animi
559 2605 635 2659 enim
652 2606 775 2660 fervoris
790 2608 888 2676 imago
904 2603 1092 2677 (symbolum)
1106 2621 1147 2658 est
1162 2607 1269 2660 vinum

206 2691 255 2745 vel
271 2691 413 2756 Bacchus,
431 2692 584 2746 sedationis
603 2711 674 2748 vero
697 2692 807 2746 sobriae
828 2708 897 2762 aqua
919 2690 966 2743 vel
978 2689 1096 2763 Apollo,
1116 2693 1181 2764 qui,
1201 2713 1270 2766 pro·
1293 2678 1298 2686 ι

206 2779 288 2849 prius
309 2777 481 2831 Graecorum
502 2776 709 2848 Βεσο’(νήφων
729 2778 827 2850 θεός),
847 2775 958 2830 Baccho
984 2776 1042 2838 illi,
1059 2779 1141 2833 cuius
1158 2782 1269 2834 tumul·

183 2854 185 2860 ’
206 2880 304 2918 tuosus
325 2879 352 2916 et
364 2862 536 2918 temulentus
552 2864 768 2937 quodammodo
783 2865 874 2920 cultus
889 2884 903 2917 ε
917 2864 1034 2937 populis
1050 2865 1269 2925 exterislorien·

127 3009 130 3016 ,
205 2948 319 3015 talibus)
335 2949 366 2999 in
378 2949 525 3003 Graeciam
548 2950 704 3014 invaserat,
724 2970 835 3024 semper
845 2951 902 3004 lere
916 2950 1073 3022 opponitur
1088 2949 1206 3016 (vidmd
1214 2955 1267 3007 Po·

156 3064 158 3068 ·
204 3032 247 3086 lit.
266 3035 318 3092 ΙΙΙ,
336 3053 379 3086 ao:
418 3031 503 3087 Οὐδέν
525 3033 710 3106 γεκ-καινὸν
732 3037 881 3104 ποιοῦμεν,
905 3040 1045 3104 κρίνοντες
1064 3035 1112 3089 τὸν
1135 3034 1265 3092 Ἀπόλλω

203 3126 248 3178 καὶ
265 3117 299 3172 τοὶ
313 3118 361 3171 τοῦ
374 3115 551 3178 Ἀπόλλωνος
561 3119 665 3192 ὄργανα
680 3118 734 3190 πρὸ
750 3121 881 3190 Μαρσύου
895 3129 982 3176 τεκαὶ
997 3120 1051 3175 τῶν
1064 3121 1165 3175 ἐκείνου
1183 3118 1267 3194 ὀργάν

202 3207 279 3271 νων).
298 3233 333 3242 -
367 3206 500 3258 Ceterum
519 3206 615 3261 locum
633 3205 709 3260 hune
726 3222 912 3278 respexerunt
933 3208 1093 3261 Athenaeus
1109 3209 1146 3270 X,
1163 3208 1208 3262 61.
1227 3210 1265 3262 T.

202 3292 251 3345 IV.
272 3310 301 3365 p.
325 3305 380 3358 127.
406 3304 433 3343 et
452 3292 604 3363 Longinus
621 3293 743 3347 XXXII.
760 3293 792 3359 5.
815 3307 841 3357 7.
884 3293 928 3345 Cf.
948 3307 975 3346 et
997 3293 1136 3351 Plutarch.
1150 3293 1263 3349 deeuti.

192 3366 276 3447 posit.
297 3395 323 3445 p.
340 3386 380 3439 ¹5·
397 3377 432 3426 Ε.
450 3393 477 3447 et
492 3397 527 3429 an
542 3378 603 3430 seni
618 3378 655 3431 sit
668 3396 726 3448 ger.
737 3376 862 3449 respubl.
881 3399 910 3450 p.
928 3397 985 3450 79¹·
1001 3379 1035 3429 Β.
1050 3409 1084 3420 -
1107 3379 1170 3432 κο)Ι
1181 3380 1242 3445 αζό
1252 3409 1264 3421 ·

116 3462 118 3467 '
201 3480 321 3527 μενος,
339 3474 528 3532 temperarunt
553 3459 677 3526 κολάζειν
687 3500 695 3527 ,
716 3478 748 3516 ut
767 3465 936 3518 Latinorum
959 3465 1092 3536 castigare
1107 3467 1153 3532 (ut
1168 3466 1262 3520 Cicer.

200 3547 281 3613 Tusc.
295 3546 411 3617 Disput.
429 3550 465 3606 ΙΙ,
480 3563 527 3600 22:
548 3547 701 3627 castigetur
715 3549 806 3602 animi
822 3552 918 3618 dolor)
933 3566 975 3606 eat
987 3550 1161 3622 reprimere,
1182 3561 1261 3607 coe'r·

199 3648 278 3692 cere,
303 3631 456 3686 moderari.
492 3633 568 3687 Male
585 3633 752 3707 Longinus:
778 3634 886 3693 κόλασις
903 3652 944 3691 est
959 3636 1061 3706 κρᾶσις.
1096 3632 1296 3693 Deusvero*

108 3766 112 3778 ,
197 3713 306 3786 νήφων,
330 3716 461 3790 sobrius,
489 3735 530 3773 est
547 3737 626 3789 aque.
668 3720 765 3774 Facete
783 3722 851 3776 hinc
865 3743 953 3792 eqrree
967 3737 1110 3795 potatores
1123 3723 1260 3778 dicuntur

196 3807 299 3867 μανίην
320 3802 447 3870 σώφρονα
468 3805 633 3872 μαινόμενοι
651 3805 683 3859 in
703 3810 841 3880 Antigoni
860 3810 1038 3887 Epigramm.
1057 3806 1082 3859 6.
1104 3808 1259 3879 Antholog.

196 3886 292 3939 Graec.
313 3889 348 3940 T.
372 3890 408 3940 11.
428 3907 456 3964 Ρ.
480 3903 541 3956 227.
560 3887 612 3944 ubi
631 3909 661 3954 v.
684 3892 791 3946 Iacobs.
808 3893 964 3948 Animadv.
993 3894 1027 3945 Τ.
1049 3894 1086 3945 ΙΙ.
1110 3896 1140 3946 Ρ.
1164 3898 1201 3948 ΙΙ.
1227 3916 1256 3967 Ρ.

195 3989 257 4026 uso.
812 3986 814 3991 ’
