2670 4778
214 434 267 484 ιιι·
507 384 982 483 Aurutovrnsmues

123 622 127 629 .
214 567 469 629 vrdad1,1o
487 560 1329 660 μελιττουργοῖς,ιιιιὶιιίὶιι,τιιιιιιηιίιιιὶ-ιιιιίιοιί.Ι

214 653 358 718 tantibus,
379 665 411 705 ut
424 651 508 706 Poht
521 653 602 716 VIII,
618 665 659 718 13.
1210 670 1227 679 ,.

285 783 346 836 ἐπὶ
363 776 424 849 τήν
443 776 580 850 τροφήν
598 782 656 833 καὶ
673 777 754 836 toris
777 772 867 833 ὅσοι.
910 777 957 833 sie
977 780 1012 834 de
1030 780 1194 837 coniectura
1213 779 1283 861 aeri·-

152 874 156 881 '
213 871 324 944 primus
341 885 407 940 pro:
434 864 479 919 ἐπὶ
499 863 561 921 rosit
582 864 634 934 τὴν
656 862 762 934 τροφὴν
785 872 831 918 καὶ
854 858 927 927 ὅσοι,
945 865 1049 937 inquo
1064 864 1210 922 roveloto
1226 846 1281 921 tud

213 971 327 1012 motum
343 971 401 1009 ease
413 952 514 1024 liquet.
552 953 713 1023 Stephanus
731 965 799 1023 post
817 947 924 1019 τροᾳήν
938 950 1123 1023 participium
1138 950 1294 1021 desidera

213 1043 262 1097 bat
278 1040 365 1105 „nisi
385 1038 554 1098 dicamus,“
575 1037 748 1100 subiiciens,
772 1055 834 1101 „ex
854 1038 985 1108 sequenti
1004 1035 1220 1102 ξινὸιιιπονοῧσι
1238 1058 1282 1093 re·

210 1127 307 1199 linqui
337 1123 566 1179 subaudiendum
599 1119 836 1178 διιπονοῦνιαι.“
892 1123 976 1193 Quod
1002 1124 1070 1176 ferri
1097 1141 1154 1175 non
1174 1138 1282 1197 postet.

211 1217 318 1271 Editor
331 1210 506 1284 Bipontinus
521 1207 708 1281 supplendam
720 1227 779 1263 esse
800 1224 849 1263 tut
868 1229 995 1284 praepos.
1011 1213 1078 1279 περί
1091 1224 1155 1263 ante
1170 1208 1279 1281 τροφήν

212 1315 261 1355 aut
283 1297 405 1363 intellig.
431 1295 591 1364 βλέποντας
608 1294 798 1366 opinabatur,
829 1315 953 1370 quorum
974 1310 1106 1351 neutrum
1130 1296 1278 1351 satisfacit.

210 1386 347 1458 Denique
368 1380 572 1435 Selzultitessius
588 1379 652 1436 rods
673 1380 760 1434 deleri
773 1381 903 1436 malebat.
940 1381 1023 1457 Quod
1038 1382 1223 1435 verissimum
1239 1396 1281 1437 eet

211 1489 241 1529 et
259 1485 361 1544 sponte
379 1466 459 1539 quasi
478 1485 507 1521 ee
528 1456 626 1530 offert,
645 1465 798 1525 idnemini
811 1469 843 1523 in
858 1482 982 1521 mentem
996 1469 1122 1533 venisse,
1143 1469 1211 1523 satis
1224 1470 1280 1523 mi·

156 1631 162 1643 ι
209 1559 266 1615 rari
287 1574 347 1613 non
368 1571 496 1629 possum.
531 1549 854 1611 Deeevrdeotvid
874 1556 910 1610 ad
931 1556 1021 1625 V,3.
1038 1587 1073 1598 -
1110 1556 1185 1612 Cod.
1193 1558 1279 1617 Voss.

208 1644 305 1718 dorion.

279 1794 323 1844 μη
315 1772 489 1827 κινείτω
506 1783 558 1825 eet.
596 1769 674 1824 Citat
684 1768 752 1826 haee
771 1770 908 1825 Eusebius
921 1774 1019 1846 Praep.
1033 1774 1090 1825 Er.
1106 1773 1226 1842 XII,58.
1247 1792 1276 1848 p.

208 1864 269 1919 611.
285 1863 324 1916 D.
348 1857 401 1914 ubi
419 1857 554 1924 ἐσχατιαῖς
571 1870 598 1908 et
618 1861 784 1924 κεκτημένοι
798 1857 951 1917 scribitur:
971 1860 1017 1913 sed
1031 1874 1107 1913 reete
1118 1859 1279 1932 vulgatum

204 1949 313 2009 ,huben
334 1948 372 2008 si,
391 1955 490 2013 utpote
500 1945 565 2014 agri
578 1959 723 2013 possessor
736 1945 765 1994 in
780 1955 871 1996 terrae
879 1941 1007 2015 sinibus,
1027 1946 1112 1999 alteri
1121 1982 1129 2010 ,
1148 1950 1277 2020 peregri·

207 2055 265 2094 no,
282 2034 391 2086 vicinus
404 2040 454 2082 est.
489 2032 670 2097 κεκτημένοι,
687 2027 739 2081 int.
755 2025 839 2098 ιὶγρὸν
848 2067 856 2093 ,
880 2043 922 2084 est
940 2042 1090 2106 possessor
1108 2031 1187 2100 (vid.
1203 2034 1239 2086 ed
1252 2037 1277 2097 1.

207 2124 263 2189 8.),
282 2134 310 2173 et
328 2113 494 2185 ἕσχατιιὶ,
517 2111 549 2168 td
571 2113 684 2182 ἔσχατον
703 2119 788 2183 μέρος
808 2121 920 2183 χωρίου,
944 2117 1088 2190 Hesychio
1107 2118 1275 2192 interprete.

208 2208 253 2260 cf.
274 2203 354 2259 Suid.
377 2216 404 2256 et
428 2201 615 2257 Hemsterltus.
639 2201 673 2255 ad
694 2201 814 2256 Lucitn.
833 2203 910 2256 Tim.
927 2206 961 2258 Τ.
975 2209 997 2257 Ι.
1018 2225 1045 2277 p.
1064 2216 1121 2270 143.
1158 2204 1276 2259 Deinde

206 2292 311 2347 Euseb.
327 2285 491 2357 vulsinienses
508 2319 542 2328 -
556 2285 629 2342 τοῦτ’
642 2287 722 2342 εἶναι.
757 2289 843 2343 Libri
864 2305 931 2345 vett.
944 2290 1058 2345 articul.
1075 2289 1104 2345 τό
1120 2304 1185 2345 ente
1196 2290 1275 2345 teini-

206 2398 278 2448 νητα
299 2376 448 2448 ignorant,
471 2394 556 2447 quem
575 2373 734 2448 Stephanus
749 2375 811 2430 sine
825 2395 906 2431 eausa
927 2377 1110 2448 interposuit.
1145 2379 1194 2432 De
1209 2394 1275 2433 ver·

205 2463 252 2520 bis
275 2463 349 2536 ipsis
391 2462 454 2516 vid.
481 2463 517 2515 ud
537 2464 595 2524 III,
616 2460 642 2515 6.
669 2491 702 2500 -
739 2463 874 2516 Ceterum
904 2463 1090 2518 conferendae
1116 2479 1187 2518 sunt
1204 2484 1274 2521 eum

205 2553 253 2606 his
274 2549 393 2623 Solonis¹
411 2554 486 2621 leges
505 2548 540 2600 de
562 2544 669 2601 finibus
689 2549 825 2620 regundis
841 2550 873 2602 in
889 2551 917 2604 S.
933 2550 1016 2604 Periti
1031 2552 1122 2622 Legg.
1135 2553 1226 2607 Attio.
1242 2572 1270 2626 p.

141 2683 144 2687 .
202 2651 239 2706 57
256 2658 299 2711 sq.
318 2651 346 2691 et
359 2646 414 2706 430
430 2655 473 2710 sq.
526 2634 594 2692 Vid.
615 2634 701 2687 etiam
726 2635 748 2687 1.
770 2635 867 2688 Ioacir.
889 2638 1049 2709 Stephanus
1072 2636 1106 2689 de
1123 2637 1269 2697 iurisdiet.

205 2741 274 2785 vett
289 2726 418 2779 Gronov.
435 2722 520 2778 Thes.
538 2736 591 2774 ant.
607 2738 649 2793 gr.
669 2720 704 2774 T.
719 2721 770 2780 VI.
788 2741 816 2795 p.
830 2731 899 2791 2748
911 2742 953 2796 sq.

275 2850 383 2906 ἄλλον
402 2849 495 2920 πλὴν
520 2845 613 2921 ὅρον.
667 2849 743 2902 Heee
764 2851 869 2912 verba,
892 2872 964 2925 quae
985 2853 1068 2908 une'is
1088 2851 1269 2920 inclusimus,

203 2941 298 2996 miror
312 2939 423 2992 nemini
435 2937 526 2992 adhuc
541 2951 668 3007 suspecte
683 2936 789 2998 fuisse,
810 2958 899 3011 quum
912 2937 1093 3008 glossematis
1111 2959 1166 2992 am
1177 2943 1268 2995 mani·

204 3028 273 3080 festa
287 3026 362 3083 sint;
382 3012 520 3095 adscripta
537 3024 613 3078 enim
628 3036 708 3084 sunt,
728 3037 759 3076 ut
771 3023 994 3096 significaretur,
1012 3022 1061 3078 τὸν
1079 3029 1211 3096 μὲγιιτον
1224 3031 1268 3081 eti·

202 3132 271 3181 τριν
299 3130 357 3164 non
383 3111 417 3165 de
438 3110 504 3183 ipso
523 3108 647 3164 termino
668 3128 728 3163 esse
748 3111 936 3182 capiendum,
976 3111 1025 3166 sed
1046 3111 1269 3185 proverbialiter

204 3197 287 3272 qussi
301 3196 430 3265 positum
444 3215 512 3252 esse.
547 3186 608 3250 Nec
622 3197 733 3250 Fieinus
745 3217 774 3250 ee
788 3197 931 3269 ‘expressit
946 3212 1076 3253 vertens:
1101 3237 1120 3262 „
1130 3198 1269 3273 malitque

201 3283 404 3355 unusquisque
420 3302 523 3337 saxum
537 3280 637 3355 ingens
653 3300 770 3336 movere
787 3303 872 3356 quem
890 3302 1015 3354 parvum
1025 3284 1168 3358 lapidem,
1190 3286 1265 3339 iure·

202 3370 325 3427 iurando
350 3390 366 3423 e
387 3369 445 3423 diis
463 3369 623 3432 firmatum,
651 3387 714 3466 quo.
730 3370 874 3423 amicitiae
887 3385 914 3423 et
925 3370 1097 3425 inimicitiae
1110 3373 1265 3426 terminen-

202 3472 258 3513 tur.
269 3463 287 3488 “
323 3458 421 3528 Inepte
439 3457 609 3510 Cornariuse
635 3455 872 3526 „quivisentem
893 3456 975 3510 malit
997 3474 1096 3510 saxum
1114 3457 1196 3512 aliud
1209 3478 1265 3512 rna·

201 3543 315 3597 ximum
337 3562 454 3597 movere
468 3540 599 3615 aggredi,
626 3560 710 3615 quem
733 3544 887 3596 terminum
904 3558 952 3596 eut
966 3563 1089 3617 parvum
1103 3542 1239 3618 lapidem
1245 3552 1265 3578 “

201 3660 236 3673 ···
255 3629 325 3684 cod.
344 3630 426 3689 Voss
445 3628 581 3698 peilatus
598 3633 706 3683 net-
722 3649 784 3683 tou
772 3628 880 3697 μέν,
897 3627 951 3683 int.
971 3626 1095 3688 πολίτου.

271 3757 311 3814 uit
334 3753 603 3811 detinerer-
627 3753 830 3818 ποιοῦντος,
867 3756 887 3809 i.
908 3777 949 3823 e.,
980 3756 1029 3811 tori
1052 3755 1212 3815 ἀνάδαστον
1228 3791 1265 3807 -

201 3847 308 3905 ποιεῖν,
330 3843 408 3914 quod
422 3856 465 3896 est
479 3855 582 3895 terram
598 3861 620 3897 a.
635 3860 734 3914 agrum
749 3841 843 3895 denuo
858 3842 1005 3907 dividere,
1016 3846 1108 3920 igitur
1119 3848 1264 3905 terminos
1286 3832 1289 3843 ¹

201 3945 327 3994 mutare,
345 3948 515 4004 promovere
528 3943 556 3984 et
567 3947 660 3985 novos
673 3928 858 3987 constituam
875 3926 1029 3989 ἀνάδαστοι
1050 3932 1126 3986 enim
1140 3934 1175 4004 γῆ
1190 3950 1234 3989 eet
1244 3932 1264 4003 ἡ

200 4014 284 4070 πάλιν
302 4012 340 4075 eie
361 4012 492 4085 Iurene
513 4013 709 4086 δινδιδιμὶνη,
736 4014 856 4081 Timaeo
869 4015 1022 4093 interprete
1036 4038 1064 4092 p.
1079 4031 1142 4087 ω,
1160 4020 1215 4076 ubi
1231 4040 1265 4079 v.
