2670 4778
133 405 256 476 *αα
349 372 351 377 .
496 413 970 477 susunnvenssouns

204 557 373 614 Atheniensi
388 559 541 615 dicendum
555 571 629 622 erat,
653 544 862 608 Lacedaemoni
876 569 904 609 et
916 555 1034 610 Athenis
1057 554 1210 614 tribuiturt
1239 568 1268 610 st
1287 630 1291 636 ι

203 665 239 701 ne
250 646 286 699 in'
296 648 482 701 offensionem
500 643 612 718 Megilli
627 639 756 715 Spartani
777 640 918 702 incurrat,
939 643 1119 696 Atheniensis
1136 642 1267 696 urbanus

103 762 105 769 Α
203 728 236 786 td
257 737 327 802 μέγα
346 735 456 802 φρονεῖν
471 731 557 785 etiam
572 727 689 784 Athenis
702 724 806 780 tribuit
834 745 935 800 easque
954 728 1164 782 Lacedaemoni
1182 729 1269 782 etiam

179 875 182 887 ¹
204 817 370 892 praeponit:
406 823 485 888 Μέγα
505 813 722 885 adaequandum
742 811 775 865 αἱ
785 809 921 879 Ἀθῆναι,
939 817 1009 884 μέγα
1020 816 1071 881 μὲν
1085 810 1269 881 scitilaria-

163 904 166 911 '
204 922 248 970 τη.
284 905 339 956 Pro
350 904 463 973 λέγομεν
479 902 640 972 Stephanus
651 897 740 953 scribi
752 915 866 969 quoque
874 895 1008 968 λεγόμενα
1016 912 1175 953 memorat:
1196 916 1269 970 quaa

204 986 289 1041 modo
310 989 488 1048 dicebantur:
516 985 780 1042 [ostensionum
801 984 942 1053 respexit,
967 985 1019 1058 qui
1038 987 1141 1061 vestit:
1169 1000 1268 1056 „quat

97 1072 102 1078 ’
204 1074 241 1128 de
261 1089 288 1127 te
305 1074 395 1141 ,modo
417 1074 492 1127 dicta
511 1070 613 1128 sunn‘l
648 1070 703 1124 Sed
712 1086 763 1122 cur
774 1067 915 1144 avulgata
930 1074 1069 1145 scriptura
1078 1071 1268 1132 discedamus,

199 1159 282 1227 ¹nihil
294 1178 391 1213 causae
406 1173 465 1218 est;
485 1159 520 1213 ταὶ
536 1167 599 1228 περὶ
609 1159 658 1213 coi
669 1173 709 1214 eat
720 1158 739 1211 i.
754 1178 780 1229 q.
798 1158 922 1230 simplex
935 1165 1000 1226 περὶ
1018 1157 1066 1211 σοῦ
1085 1157 1137 1219 (sic
1151 1153 1185 1208 ad
1200 1149 1267 1224 παρ’

204 1240 275 1311 iusi
293 1248 321 1296 11
325 1248 345 1308 l,
364 1245 403 1299 16.
418 1245 495 1313 lim),
509 1260 536 1299 et
548 1244 636 1300 verba
649 1243 719 1298 rard
733 1242 832 1310 cavati,
849 1239 937 1312 danea
952 1242 987 1297 cd
998 1251 1062 1310 περὶ
1072 1245 1120 1297 σοῦ
1131 1243 1182 1294 νῦν
1192 1240 1267 1312 λέγοὲ

203 1349 256 1400 μεν
272 1330 347 1384 nihil
361 1329 441 1384 aliud
454 1329 512 1385 sibi
524 1330 632 1386 volunt
647 1348 746 1404 quam:
764 1327 949 1394 eandmund,
967 1323 1056 1396 ὥσπερ
1072 1333 1123 1383 cul.

274 1459 314 1513 ἐν
328 1455 395 1512 τῶν
413 1454 663 1528 inueniatur,
680 1425 894 1531 prolpraesenu‘
907 1468 1102 1517 rerumstatu,
1121 1470 1155 1509 ut
1170 1455 1276 1510 Xena'

203 1548 306 1621 pisoni·
328 1542 447 1599 Anabas·
472 1546 522 1608 VI,
542 1553 568 1610 4.
581 1562 618 1616 ·9:
644 1546 759 1615 ἔθαψαν
782 1544 811 1598 ἐκ
829 1542 883 1598 cair
897 1541 1073 1611 ὖπαρχόντων
1087 1539 1122 1596 ὠν
1132 1538 1265 1594 ἐδύναντο

202 1631 342 1687 κάλλιστα.
378 1627 467 1684 Sitia
480 1629 535 1684 τῶν
550 1628 688 1697 δυνατῶν,
707 1632 743 1687 al.
779 1630 848 1689 Vid.
863 1630 897 1683 ad
910 1628 1027 1685 Phaedr.
1044 1647 1072 1702 p.
1090 1639 1142 1695 275
1159 1645 1202 1700 sq.

272 1753 367 1812 dala
385 1788 420 1799 -
438 1754 626 1814 τιθῶνται.
657 1754 754 1814 Ὅπλα
768 1765 903 1816 τίθεσθαι
917 1772 1055 1813 estcastra
1069 1755 1266 1826 metuimus·
1329 1810 1331 1815 ,

202 1863 287 1909 nere,
304 1843 416 1898 tendere
435 1851 482 1917 ¹(ut
504 1863 556 1898 nos
578 1844 700 1899 dicimus
718 1849 879 1918 campiren).
914 1844 982 1903 Vid.
1000 1843 1091 1896 Valet.
1104 1842 1140 1894 ad
1153 1844 1266 1915 Harpo-

205 1946 273 1986 crat.
291 1930 320 1983 h.
334 1949 362 1982 v.
384 1930 508 1984 Hudson.
525 1929 560 1984 ad
577 1931 708 2002 Thucyd.
721 1933 759 1996 11,
773 1947 798 1986 2.
836 1931 942 1986 Duker.
958 1930 991 1982 ad
1005 1928 1089 1983 eund.
1106 1929 1157 1991 IV,
1169 1935 1214 1996 44.
1237 1940 1265 1982 at

203 2019 284 2081 VIII,
306 2031 349 2085 03·
403 2016 522 2090 Taylor.
542 2017 602 2070 ind.
622 2017 736 2089 graecis.
758 2019 827 2089 Lys.
855 2037 881 2090 p·
901 2027 962 2086 897.
990 2018 1025 2070 Τ.
1041 2016 1093 2072 VI.
1115 2012 1265 2073 Reimea

68 2179 98 2195 Ιχ
138 2157 141 2161 ,
208 2101 385 2172 Wesseling.
404 2103 436 2155 ad
457 2102 583 2157 Diodes.
606 2104 660 2157 Sic.
682 2105 747 2169 XX,
768 2120 811 2173 51.
836 2106 870 2163 Τ.
886 2107 924 2161 II.
942 2111 1044 2174 peda&
1080 2099 1195 2153 Deinde
1210 2117 1263 2173 pro

203 2187 293 2242 αὐτῶν
304 2185 405 2239 malim
419 2185 523 2253 adesir,
552 2189 614 2243 vid.
629 2188 665 2243 ad
677 2192 700 2251 Ι,
714 2205 740 2254 7.
775 2190 952 2263 Praepositio
970 2189 998 2242 ἕν
1010 2200 1051 2241 est
1063 2185 1094 2238 id
1109 2187 1169 2241 fere
1183 2185 1264 2259 quod

203 2293 257 2348 pro
273 2271 471 2337 seecundum,
491 2273 553 2326 vid.
575 2275 670 2347 Viger.
687 2271 879 2343 de'idiotism.
896 2295 924 2350 p.
939 2275 998 2344 608.
1031 2270 1192 2334 Infinitivi,
1213 2271 1264 2346 qui

205 2373 379 2433 sequuntur,
397 2361 557 2424 ποιεῖσθαι,
576 2364 667 2432 φέρειν
679 2352 920 2436 ὀέπαρεγγρᾶρειν
936 2360 1179 2434 imperativorum
1198 2359 1262 2435 uim

162 2454 165 2461 ’
204 2442 401 2507 habent,vid.
417 2443 488 2509 adl,
504 2464 540 2500 11.
585 2502 597 2529 ⁴
1196 2452 1200 2456 '‘

273 2572 447 2628 πινάκιον
466 2573 566 2629 tabella
587 2591 615 2630 et
633 2578 719 2643 πίναξ
738 2578 834 2634 tabula
856 2594 936 2643 sunt,
964 2577 1069 2651 quibus
1086 2577 1118 2630 in
1131 2573 1260 2631 comitiis

203 2662 337 2734 suffragia
352 2660 529 2722 ferebantur,
547 2661 608 2714 vid.
630 2662 747 2718 Gesner.
763 2665 798 2718 sd
810 2665 890 2724 Varr.
906 2666 942 2719 de
957 2666 991 2717 R.
1009 2667 1043 2717 R.
1056 2664 1090 2728 V,
1104 2676 1129 2728 5.
1149 2672 1191 2730 18.

272 2787 467 2859 τριάκοντα
484 2787 636 2858 ἡμερῶν.
675 2793 786 2846 Ficinus
801 2794 895 2848 addit:
913 2793 990 2857 „ubi
1003 2811 1062 2846 non
1073 2791 1261 2862 minusquam

204 2879 322 2949 triginta
332 2876 391 2928 dies
405 2890 575 2947 permaneat.
586 2882 604 2908 “
643 2877 794 2932 Carnarius
809 2899 879 2935 vero
897 2878 1069 2952 simplicitet
1088 2877 1192 2934 vertit:
1205 2889 1264 2941 „et

201 2964 340 3018 inferum
355 2979 414 3014 nou
428 2960 525 3014 minus
539 2982 624 3037 quam
638 2982 689 3036 per
706 2964 765 3019 dies
778 2964 896 3040 triginta
906 2980 1004 3039 ponat.

271 3093 393 3159 φέρειν
413 3087 529 3159 proprie
550 3103 591 3143 est
606 3090 745 3146 calculum
764 3092 883 3164 (ψῆφον)
894 3093 926 3145 in
943 3112 1043 3147 urnam
1058 3093 1189 3153 deiicere,
1206 3091 1261 3164 igi·

201 3191 251 3231 tur
266 3170 403 3244 suffragio
419 3173 476 3227 lato
490 3193 599 3236 creare.
618 3193 650 3232 ut
660 3198 684 3233 c.
697 3189 729 3245 5.
741 3201 771 3253 p.
781 3194 841 3251 759.
853 3181 890 3232 A:
914 3183 1039 3250 φερέσθω
1055 3176 1077 3233 d’
1094 3176 1131 3234 εἷς
1146 3175 1197 3246 τήν
1213 3173 1264 3246 α’ρ-

200 3261 261 3330 χῆν.
296 3257 329 3313 C.
342 3269 367 3324 5.
386 3278 415 3328 p.
428 3259 489 3325 756.
509 3263 546 3314 C:
567 3261 874 3336 φέρειν-βουλευτάς.
909 3267 943 3318 C·
966 3280 992 3331 7.
1023 3265 1262 3334 Lib.X11,13.p.

201 3345 263 3421 946.
279 3346 312 3399 A.
348 3344 494 3407 Aristotel.
516 3346 603 3402 Polit.
622 3350 660 3409 11,
684 3356 711 3418 4.
734 3352 778 3418 (c.
792 3349 862 3415 5.‘§.
880 3352 942 3418 11.)
961 3367 988 3406 et
1004 3354 1039 3417 V,
1053 3363 1078 3418 5.
1097 3356 1135 3422 (c.
1149 3361 1176 3422 4.
1197 3354 1223 3421 §.
1238 3351 1262 3406 6.

202 3430 345 3491 Schneid.)
360 3427 395 3481 al.
433 3429 507 3483 Mox
522 3426 625 3502 prodr
640 3432 711 3488 bene
727 3435 887 3506 Stephanus
906 3439 1020 3509 scripsit
1040 3433 1081 3494 ’ν’ν.
1116 3439 1162 3491 Sic
1173 3439 1260 3492 etiam

200 3517 291 3571 infra:
312 3517 416 3583 φερέτω
429 3545 462 3554 ·-
475 3513 506 3566 ὂν
522 3514 556 3568 ἂν
566 3515 707 3588 βούληται.
742 3520 855 3574 Deinde
877 3541 930 3595 pro
946 3521 991 3577 ded
1004 3525 1059 3578 cair
1072 3521 1161 3580 αὐτῶν
1179 3526 1262 3595 (Cor-

200 3601 318 3654 narius:
340 3616 389 3672 per
403 3599 519 3655 eosdem
533 3602 700 3675 procedens)
715 3606 786 3661 Cod.
803 3608 887 3666 Voss.
902 3606 1061 3679 διατομέων.
1144 3606 1147 3613 ’
1198 3626 1206 3679 t

271 3724 716 3797 ἑπταὶδέναὶτριάκοντα.
756 3734 834 3788 Male
855 3737 966 3790 Ficinus
992 3739 1096 3794 vertit:
1128 3755 1262 3814 ‚,septem

202 3829 297 3870 autem
311 3813 488 3887 trigintaque
497 3814 557 3868 viri
576 3833 625 3870 eos
642 3849 672 3856 -
683 3820 864 3891 magistratus
886 3823 1056 3879 declarent.“
1091 3829 1176 3880 Recte
1196 3845 1262 3881 con·

201 3915 245 3956 tra
258 3900 429 3974 Carnarius.-
448 3901 589 3973 „triginta
596 3922 667 3958 vero
684 3920 712 3959 et
721 3921 843 3980 septem,
865 3906 969 3981 quibus
988 3910 1112 3983 plurima
1126 3912 1262 3985 suffragia

203 3985 389 4059 obtigerunt.
408 4003 462 4044 suo
476 3986 588 4044 iudicio
601 3990 784 4067 magistratus
800 3992 969 4053 saturante
