2670 4778
419 424 470 479 IN
487 423 623 481 LEGG.
640 424 707 491 VII,
721 446 763 481 ut.
776 447 817 482 22.
882 418 885 425 ¹
1093 439 1144 507 58]

131 558 240 636 ᾗτινι.
275 564 340 620 Ald.
354 560 431 620 Lov.
447 566 510 617 Bes.
531 584 555 617 ι.
571 577 600 618 et
612 580 639 619 2.
656 565 746 619 ei'nvs.
782 567 912 621 Ficiauss
932 608 951 637 „
961 589 1016 644 qus
1029 588 1133 631 natura

62 650 168 705 Iactum
188 649 241 713 sit,
263 667 297 706 ut
319 650 375 707 alia
391 649 521 704 invicem
543 650 766 705 commensurari
784 652 896 724 possint
918 657 1054 730 quidem,
1078 661 1132 721 elie

26 812 30 817 Ι
62 738 209 790 veibnon
228 739 371 809 possint.“
407 737 482 789 Mox
501 733 519 804 ἥ
539 749 580 789 est
600 735 725 809 alioqui,
744 737 913 797 vid.11‚12.
933 772 969 783 -
1002 746 1038 797 In
1052 764 1129 823 seqq,

1236 528 1245 565 t

62 819 225 891 φιλονεικεῖν
239 821 437 893 προβάλλοντα
449 821 657 895 (quaestionem
669 828 887 895 proponentem)
899 827 1032 898 pendete
1048 848 1130 901 pne·
1248 848 1263 859 ¹·
1293 874 1296 879 .
1326 806 1331 819 ⁶

61 924 159 976 gresso
179 906 337 979 ἀναγκαῖον.
387 908 481 966 Verba
500 904 645 979 διατριβήν
664 938 699 947 -—
721 904 902 978 διατρίβοντα
925 911 1125 985 explicationis
1186 924 1224 977 “i

62 1011 146 1047 causa
168 993 297 1066 apposita
314 1007 396 1054 muts
427 994 587 1051 subiectum
612 1007 781 1063 estparsona
794 992 950 1051 indefinita.
988 999 1127 1063 Ficinrtsa,

60 1096 159 1147 graeca
175 1079 571 1154 orationelongiusrecessit,
597 1077 750 1130 Carnarius
762 1097 832 1134 vero
847 1076 918 1137 bens
932 1086 1035 1141 vertit:
1054 1088 1122 1153 „its
1171 1072 1196 1095 '¹
1232 1082 1239 1119 '-

61 1178 94 1216 ut
108 1166 191 1236 pueri
205 1167 281 1220 inter
294 1185 323 1220 ss
333 1185 443 1236 semper
456 1165 626 1220 exercitium
642 1178 823 1237 proponunt,
840 1162 912 1222 ludo
931 1186 1031 1226 senum
1053 1172 1122 1229 tels·
1219 1176 1222 1185 “

59 1249 108 1304 rio
123 1251 210 1322 longe
224 1251 394 1321 iucundius,
413 1268 441 1307 et
456 1255 489 1307 in
504 1249 744 1306 meditationibus
758 1269 871 1316 eorum,
890 1272 961 1324 quae
975 1253 1019 1311 his
1034 1258 1121 1333 digna
1142 1266 1150 1286 ¹

62 1351 143 1398 sunt,
161 1354 364 1393 conversentur
380 1359 411 1394 ac
425 1339 628 1395 contendant.“
642 1366 678 1377 -
704 1335 841 1404 ,Σχολαὶ
860 1336 962 1403 ἄξιαι
978 1343 1118 1401 τούτων
1209 1366 1211 1371 ·

55 1438 128 1491 Ιςιιιιτ
146 1418 375 1482 conversationes
397 1444 419 1480 s.
443 1423 650 1498 disputationes
670 1420 779 1494 (quales
797 1423 830 1479 in
850 1425 913 1479 otio
924 1423 1063 1491 habentur
1069 1470 1078 1496 ,
1096 1434 1118 1489 I.

59 1528 99 1569 a,
118 1506 272 1581 διατριβαί,
299 1530 424 1584 quocum
446 1513 534 1567 etiam
554 1508 743 1578 coniungitur
756 1508 811 1563 -ilIs
832 1529 909 1576 vox,
932 1530 963 1567 v.
979 1516 1123 1587 Stephon„
1222 1508 1227 1515 ⁴

60 1596 197 1651 Theseus.
217 1599 252 1651 L.
268 1599 302 1652 G.
323 1601 358 1653 Τ.
374 1602 426 1653 III.
443 1619 472 1671 p.
488 1596 564 1652 1206.
578 1593 621 1660 F.)
630 1634 639 1661 ,
654 1594 699 1647 hii
715 1595 800 1651 rebus
810 1596 998 1671 (disciplinis)
1011 1621 1119 1658 conve·

33 1748 40 1757 ³
56 1683 182 1738 nientes.
198 1682 276 1748 ἄξιον
289 1699 330 1737 est
340 1676 417 1739 enim
433 1701 611 1755 congruum,
634 1681 809 1737 conveniens
822 1685 1067 1755 (anteprechend)‚
1086 1706 1121 1747 ut

58 1766 91 1821 in
104 1769 208 1840 Agesil.
229 1771 252 1832 I,
274 1789 305 1822 ιε
341 1765 503 1847 ’Λγῃοιλοίοο
523 1766 620 1839 desciit
638 1766 718 1831 ἄξιον
744 1767 868 1821 ἔπαινον.
904 1770 972 1827 vid.
995 1772 1118 1845 Rapiat.

58 1854 94 1908 ad
107 1859 192 1909 Rom.
207 1857 286 1916 VIII,
301 1865 341 1925 ¹8·
359 1888 393 1897 -
427 1858 473 1911 De
486 1858 613 1931 πεττεία.
629 1851 802 1908 calculorum
814 1851 893 1915 ludo,
910 1855 943 1909 in
957 1876 1014 1928 quo
1027 1863 1117 1917 calcu.

57 1939 124 1994 liin
144 1943 229 1994 abaco
243 1959 264 1993 s.
276 1939 411 1997 laterculo
429 1940 620 1999 movebantur
634 1941 678 2008 (in
695 1943 788 2008 ινβεία
800 1938 866 1993 cubi
878 1956 898 1991 s.
912 1940 962 1994 tali
976 1945 1117 2005 iacieban-

56 2032 139 2098 tur),
158 2028 219 2087 vid.
234 2026 329 2087 schol.
346 2027 461 2082 Ruhnk.
472 2028 585 2082 Meurs.
600 2027 634 2081 de
646 2025 707 2081 lud.
721 2026 815 2079 Graec.
832 2025 963 2082 Gronov.
979 2029 1115 2089 Thesaur.

58 2115 96 2169 Τ.
112 2117 175 2171 VII.
194 2133 221 2184 p.
234 2127 280 2184 971
299 2133 340 2185 sq.
378 2114 401 2165 1.
418 2113 448 2166 C.
462 2112 610 2184 Bulenger.
625 2111 732 2165 delud.
747 2125 817 2166 vett.
830 2111 958 2168 Gronov.
968 2114 1051 2171 Thes.
1059 2103 1139 2175 mx
1232 2162 1235 2169 .

14 2258 18 2269 .
56 2217 100 2272 gr.
120 2202 154 2253 Τ.
167 2201 231 2256 VII.
251 2219 277 2272 p.
293 2207 345 2271 934
358 2218 399 2271 sq.
435 2197 522 2253 Polit-
544 2199 579 2252 ad
597 2198 726 2253 Eustath.
746 2199 781 2251 T.
793 2199 816 2250 Ι.
825 2216 860 2271 ·p.
875 2200 935 2267 43¹1.
960 2230 995 2243 -
1028 2208 1118 2276 Πρω..

57 2284 146 2356 βοτῶν
155 2287 195 2338 ita
203 2287 341 2358 positum,
353 2306 384 2341 sc
399 2274 424 2342 si
436 2289 563 2342 πεττείας
574 2284 799 2358 nonpsaecedat.

129 2429 308 2500 πάμπολυ.
344 2416 431 2503 Quod
451 2431 541 2504 vulgo
559 2445 623 2486 ante
637 2428 769 2499 πάμπολυ
782 2429 905 2506 legitur,
922 2428 968 2495 aii,
985 2433 1032 2499 id,
1052 2453 1114 2490 sen·
1214 2441 1223 2461 '

58 2536 94 2574 su
115 2518 288 2592 postulante,
315 2517 486 2572 delevimus.
520 2519 617 2603 Etiam
633 2518 755 2571 Ficinus:
775 2515 924 2591 „multum
940 2516 1018 2573 enim
1032 2534 1114 2576 tasse·

54 2623 103 2659 rae
112 2605 236 2678 istaeque
250 2605 395 2660 doctrinae
410 2604 485 2659 inter
497 2622 526 2658 se
540 2602 644 2659 distare
659 2602 825 2660 videnum-s·
859 2604 962 2657 Sensus
975 2616 1031 2659 est:
1048 2626 1116 2677 pro·

51 2688 132 2762 facto
154 2693 241 2745 multo
262 2693 483 2765 praestantiores
501 2703 566 2745 suat
586 2690 641 2744 bae
660 2689 828 2762 disciplinas
838 2701 1005 2744 tesserarum
1020 2707 1044 2746 s.
1060 2691 1118 2746 cai.-
1179 2677 1188 2701 ¹

54 2778 179 2831 culorum
194 2778 273 2834 ludo.

130 2920 254 2976 οὐκοῦν
280 2919 350 2976 νῦν.
389 2924 423 2977 In
436 2924 599 2983 Altis-Lot.
621 2935 648 2977 et
668 2923 740 2981 cod.
760 2924 842 2984 Voss.
860 2922 927 2979 lisso
945 2923 1113 2981 Atheniensi

56 3009 243 3073 tribuunturt
262 3009 310 3065 cui
321 3007 415 3064 obstat
436 3003 544 3077 ὦξένε,
568 3026 627 3084 quo
644 3009 754 3067 Clinits
767 3008 973 3074 Atheniensem
984 3011 1060 3067 solet
1072 3012 1112 3069 sl·

54 3095 150 3170 loqui.
900 3102 903 3107 “

127 3246 156 3298 Ρ.
175 3247 233 3298 288.
269 3226 561 3321 ι’νέχνριιμλνοιιια
578 3256 648 3301 cet:
674 3247 715 3297 ita
738 3244 909 3317 (ponantur)
931 3261 962 3301 ut
977 3252 1059 3324 quasi
1070 3253 1114 3323 pi·

56 3349 151 3402 gnora
171 3349 205 3399 ex
224 3329 331 3404 reliqua
350 3328 464 3386 ciuitate
483 3329 523 3401 (It.
538 3349 561 3386 e.
571 3367 580 3393 ,
598 3330 727 3386 civitatis
743 3330 956 3402 constitutione)
969 3338 1067 3399 eximi,
1084 3329 1114 3391 h'.

58 3436 99 3481 α,
120 3415 229 3467 concidi
247 3433 268 3469 s.
292 3419 358 3472 tolli
372 3421 489 3488 possint.
508 3447 543 3457 -
576 3416 623 3472 De
637 3416 856 3485 ’θὲνταςνόμοις
870 3424 1042 3487 τιθεμένους
1055 3420 1116 3476 vid.

57 3501 145 3564 sdI,
166 3501 191 3555 6.
216 3530 251 3541 -
284 3503 573 3575 φιλοφρονῆται,
605 3502 681 3569 i.e.,
707 3501 819 3574 ἀρέσκῃ,
850 3504 1116 3576 gratasint‚h.e.‚

57 3590 191 3662 placeant
206 3604 234 3644 st
247 3590 412 3662 probentur.

398 3783 559 3854 'ctu
602 3750 742 3852 xxii.

101 3898 188 3970 ’τόν
204 3918 376 3985 μέγιστον
393 3911 491 3971 θεόν.
535 3913 797 3970 Celebratissimum
818 3925 860 3967 est
882 3911 1014 3972 effatum,
1039 3910 1117 3984 quod

56 3998 155 4073 erebro
178 4016 362 4072 respexerunt
384 4000 498 4059 serioris
518 4000 616 4056 aetatis
635 4000 801 4073 scriptores,
830 4012 861 4052 ut
888 3999 981 4052 Cicero
1005 3995 1040 4057 ds
1056 4012 1115 4053 net.

825 4082 909 4137 an
