2670 4778
394 403 789 467 umectum.
921 382 925 387 ’
1090 417 1145 473 aur

72 543 172 601 monii
188 541 218 601 in
240 542 344 619 primia
364 543 496 600 colebant
513 546 568 613 (ν.
581 543 731 618 Spaniam.
750 545 786 600 ad
805 544 919 603 Gallim.
937 549 970 604 in
986 550 1089 606 Pallad.
1107 573 1136 609 v.

71 633 141 698 24),
163 631 343 687 saltationem
355 628 507 698 πολεμικήν
523 649 543 683 a.
558 632 688 700 πυρῥίχην
702 632 848 688 invenisse
863 634 1000 690 dicuntur
1018 638 1135 705 (Athen.

71 715 226 783 X1V.630.
264 719 377 771 Maure.
392 712 511 770 Miscell.
526 717 632 771 Lacon.
645 718 684 791 II,
700 734 739 772 ιν.
768 719 897 774 Gronov.
918 722 1054 777 Thesaur.
1076 740 1133 778 ant.
1204 738 1206 742 ’

71 820 114 875 gn.
142 803 177 863 T.
192 804 226 861 V.
244 823 273 876 p.
288 805 387 873 aasz).
423 802 586 876 Respicitur
601 817 696 859 autem
717 802 778 857 h.l.
808 802 963 860 saltationis
984 827 1073 880 ganne
1100 810 1135 863 il·

69 886 121 942 lnd
129 926 137 952 ,
157 887 236 960 quod
249 889 376 961 virginea
387 887 627 943 Lacedaemoniae
646 889 680 943 in
696 889 809 945 Dianae
820 891 979 960 Caryatidis
992 892 1132 950 honorem

70 975 225 1048 quotannie
240 975 408 1048 peragebant
415 994 424 1041 ,
442 973 474 1031 τό
486 977 671 1044 καρυατίζειν,
695 975 777 1030 cuius
792 976 909 1048 quidem
925 993 1053 1034 auctores
1063 981 1132 1036 fere·

69 1057 173 1114 bantur
184 1060 332 1115 Dioscuri.
373 1061 494 1117 Lucian.
509 1061 544 1117 de
558 1059 647 1115 saltat.
665 1066 691 1131 §.
707 1081 747 1116 ιο.
766 1062 801 1116 Τ.
814 1065 836 1114 Ι.
854 1080 882 1134 p.
898 1073 969 1128 550:
992 1063 1134 1120 Λακεδαι-

70 1143 165 1213 μόνιοι
179 1150 246 1214 μίν,
263 1145 370 1217 ἄριστοι
381 1144 520 1215 Ἑλλήνων
533 1146 604 1201 εἶναι
619 1143 775 1211 δοκοῦντες,
796 1145 875 1215 παραὶ
888 1146 1073 1216 Πσίυόεόκους
1085 1161 1131 1208 καί

70 1229 214 1302 Κάστορος
228 1235 398 1302 καρυατίζειν
410 1234 554 1300 μαθόντες
566 1229 711 1302 (ὀρχήσεως
722 1229 752 1285 δὲ
764 1239 811 1285 καί
823 1232 905 1286 τοῦτο
922 1230 1009 1297 εἶδος,
1029 1235 1059 1286 ἐν
1072 1230 1130 1293 Ka·

71 1313 149 1388 ρόαις
167 1316 215 1387 τῆς
227 1316 389 1386 Λακωνικῆς
404 1314 631 1386 διδασκόμενον),
648 1312 762 1372 ἅπαντα
775 1314 847 1385 μετοὶ
865 1317 973 1386 μουσῶν
994 1322 1128 1391 ποιοῦσιν,

69 1401 133 1471 ἄχρι
155 1403 205 1459 τοῦ
224 1404 356 1472 πολεμεῖν
376 1401 446 1472 πρός
466 1396 549 1455 arilia
567 1410 613 1456 καί
624 1399 732 1472 ῥυθμόν
749 1409 794 1455 καὶ
807 1401 937 1458 εὔτακτον
951 1404 1066 1476 ἔμβασιν
1081 1409 1130 1463 rei

68 1486 163 1546 ποδός.
199 1488 241 1543 Cf.
257 1482 368 1545 Maure.
387 1491 483 1545 Gracc.
499 1487 598 1541 Ἑστίας.
616 1487 668 1542 lib.
686 1489 737 1545 IV.
759 1487 891 1547 Gronov,
911 1488 1045 1545 Thesaur.
1071 1509 1127 1551 ent.

68 1593 112 1645 gr.
131 1575 165 1630 Τ.
182 1575 247 1633 VII.
265 1594 294 1650 p.
309 1585 373 1646 809.
393 1575 427 1628 de
446 1572 536 1628 saltat.
560 1586 631 1628 vett.
656 1571 791 1629 Thesaur.
811 1574 1079 1649 T.v111.p.1261.
1101 1595 1132 1639 ct
1228 1620 1233 1633 .

68 1663 181 1716 Manto
195 1662 228 1716 in
241 1665 338 1737 Sparta
352 1663 387 1715 T.
403 1663 426 1713 1.
446 1663 476 1715 Ρ.
490 1662 528 1712 11.
544 1677 575 1735 p.
589 1676 695 1732 219sq.

136 1832 154 1901 ἡ
172 1831 206 1888 δι’·
224 1828 265 1888 αὖ
282 1862 316 1875 --
331 1829 428 1903 κόρη.
461 1831 572 1886 Laudat
597 1830 675 1888 ltunc
690 1831 789 1889 locum
809 1833 950 1890 Eusebius
964 1839 1058 1913 Praep.
1071 1842 1127 1898 Ev.

66 1922 150 1982 XIII,
169 1939 209 1991 ¹9·
227 1940 254 1994 p.
268 1922 328 1986 706.
342 1920 375 1973 B.
412 1917 596 1991 significatur
606 1923 676 1974 v‘ero
691 1918 843 1983 Minerva,
861 1919 986 1991 Ἀθηνᾶ,
1007 1916 1127 1981 Athena·
1215 1924 1218 1929 ’

66 2027 133 2062 rum
146 2023 240 2063 custos
254 2022 280 2062 et
294 2023 428 2080 patrona,
455 1998 613 2074 (πολιόςσε
624 2003 769 2073 πολιοῦχος
784 2007 874 2073 dicte,
899 2009 960 2081 vid.
977 2012 1127 2083 Spanltem.

68 2095 104 2148 ad
128 2093 295 2149 callimach.
312 2093 343 2148 in
362 2092 466 2149 Pallad.
487 2094 554 2161 55).
573 2122 607 2130 -
644 2093 717 2145 Mox
734 2091 837 2147 Euseb.
856 2091 903 2146 σόκ
916 2091 995 2163 ιμ’ἡθη
1011 2094 1068 2151 δεῖν
1083 2118 1126 2152 κε.

66 2185 129 2253 ναῖς
141 2185 238 2249 χερσίν.
274 2180 373 2234 Suidar
392 2180 424 2232 Τ.
441 2183 464 2231 Ι.
482 2196 511 2250 p.
524 2192 567 2243 75.
587 2174 708 2247 όθόραι,
739 2192 767 2232 et
782 2176 847 2232 Ald.
864 2178 941 2233 Lov.
965 2180 1028 2235 Bae.
1052 2204 1074 2238 r.
1098 2198 1128 2238 ec

64 2281 94 2323 2.
109 2264 159 2343 τήν
173 2252 310 2322 παντελεῖ.
345 2265 433 2331 Paulo
451 2278 518 2338 poet
535 2262 638 2317 Euaeb.
659 2276 687 2316 et
708 2262 779 2316 Cod.
794 2263 877 2320 Voaa.
894 2261 1013 2321 πάντας.
1048 2266 1127 2324 Illud

65 2357 152 2406 πασίν
174 2353 206 2406 in
225 2353 291 2426 Bip.
310 2350 386 2406 nihil
405 2350 462 2404 nisi
478 2367 556 2404 error
571 2363 611 2403 est
626 2347 863 2420 typographicam
881 2348 951 2402 libri
964 2351 1042 2405 enirn
1059 2354 1128 2409 reli.

65 2442 117 2513 qui
134 2457 235 2493 omnes
250 2444 345 2493 παισίν
359 2437 470 2493 habent.
507 2434 592 2508 Quod
605 2433 782 2489 monendum
797 2452 854 2488 aare
870 2437 980 2506 putavi,
998 2456 1127 2512 propter.

64 2546 95 2580 ea
116 2524 194 2597 quod
217 2525 248 2577 in
271 2525 397 2581 Heurdii
418 2519 707 2594 Var.Lectt.p.156.
731 2524 827 2574 παισίν
844 2522 933 2576 acori·
953 2522 1036 2581 Vota.
1054 2544 1125 2582 eno.

64 2627 155 2669 tatum
173 2625 229 2676 eat,
249 2632 281 2669 ac
294 2612 416 2668 tinnula
433 2610 571 2680 scriptura
583 2604 622 2662 eit
634 2605 779 2662 librorum
793 2605 947 2663 editorum.
1123 2614 1127 2621 '

106 2804 112 2819 ¹
131 2806 160 2859 P.
180 2805 239 2858 253.
279 2797 491 2870 προσόδους,
522 2798 556 2853 in
575 2792 852 2871 anpplicatiouibua,
875 2794 981 2866 quibua
1001 2797 1036 2850 ad
1059 2797 1126 2855 deo·

63 2909 130 2946 rum
151 2888 256 2959 temple
277 2901 304 2941 et
324 2904 382 2940 aras
403 2886 500 2941 itatur.
537 2882 718 2938 Demosthen.
730 2882 765 2935 de
779 2898 877 2935 coron.
896 2901 924 2953 p.
940 2894 1001 2951 254.
1019 2895 1066 2950 15:
1086 2885 1127 2954 τῷ

63 2970 163 3032 θυσίας
174 2981 220 3028 καὶ
230 2969 379 3042 προσόδους
393 2976 452 3029 τοῖς
464 2973 558 3029 θεοῖς,
576 2966 611 3026 ὥς
622 2965 737 3038 α’γαθσῖν
750 2965 853 3022 τοότων
868 2967 973 3032 όντων,
990 2966 1061 3036 όμσῖς
1076 2992 1127 3026 πε-

62 3063 210 3128 ποιῆσθαι.
246 3057 290 3114 ct
307 3057 386 3111 Philo
406 3058 440 3112 de
456 3050 515 3111 vit.x
530 3051 685 3126 contempl.
710 3070 739 3123 p.
754 3059 817 3120 484
841 3060 965 3122 ι4..485.
981 3054 1007 3109 6.
1028 3054 1124 3114 ubiv.

61 3146 191 3218 Mangei.
210 3144 312 3198 Athen.
324 3145 375 3204 VI,
387 3154 425 3212 ¹4·
441 3130 443 3136 ’
462 3141 565 3197 Pollux
578 3143 601 3204 I,
614 3150 658 3205 25.
694 3137 745 3203 lv,
759 3148 802 3205 53.
820 3136 944 3210 interpp.
954 3140 990 3196 ad
1014 3141 1125 3200 Thom.
1233 3198 1243 3205 ,

64 3235 142 3303 Mag.
157 3247 185 3286 et
194 3231 233 3286 L.
247 3231 313 3284 Bos.
332 3229 489 3286 Animadv.
502 3229 537 3282 ad
548 3224 664 3281 Arietid.
683 3242 712 3295 p.
724 3234 784 3289 551.
802 3220 949 3280 ed.Oxon.
967 3256 1001 3266 ·—
1037 3248 1081 3282 πο
1089 3250 1124 3297 μ·

19 3352 30 3368 s
61 3317 147 3384 στάς,
178 3335 297 3390 pompae
318 3314 480 3386 religione,
520 3313 582 3370 vid.
600 3311 636 3368 ad
653 3306 739 3365 Polit.
758 3309 787 3370 Ι,
807 3328 831 3363 ι.
883 3308 932 3365 De
961 3314 1122 3371 atcuaetivo

61 3409 321 3476 ποιουμένουςροεῑ
334 3400 425 3458 dativ.
436 3404 496 3457 τοῖς
511 3402 592 3454 παισί
605 3395 668 3455 vid.
684 3393 720 3452 ed
732 3397 786 3459 111,
798 3405 827 3481 5.

135 3571 180 3630 Τό
197 3575 318 3627 τοίνυν
336 3586 388 3629 oet.
423 3569 561 3626 Absolute
573 3568 648 3635 [haee
660 3567 757 3643 posita
769 3583 852 3623 anntt
877 3568 912 3623 ‹Ie
926 3585 947 3623 ε.
964 3570 1041 3641 quod
1057 3569 1124 3624 atti-

61 3661 164 3716 netad
183 3661 331 3715 Musarum
353 3673 382 3713 et
402 3655 547 3733 Apollinis
569 3673 705 3717 munem
723 3658 789 3726 περί
801 3671 874 3725 nero
890 3653 1124 3712 circumlocutio·

61 3766 129 3803 nem
141 3746 226 3809 facit,
243 3746 305 3803 vid.
319 3747 342 3808 1,
355 3753 383 3815 8.

481 3882 696 3907 'm

20 4065 25 4073 ”
96 4065 246 4123 Animadv.
265 4068 296 4122 in
317 4064 428 4123 Platon
447 4064 522 4138 Lag.
