2670 4778
194 354 228 448 ιο
496 341 975 443 ιιιιιιιιιιιιιιειοιιιε
1068 416 1072 421 .

186 506 327 587 'definire.
358 520 464 598 quid'
454 544 492 578 ιιι-
494 523 636 579 cuiusvis
661 519 818 577 affectionis
844 519 955 575 ratione
981 537 1013 576 ao
1035 508 1139 574 habitu
1155 520 1252 594 pulcri

168 653 171 660 .
191 611 240 665 vel
258 627 340 701 turpe
358 610 442 670 insit,
469 609 496 661 h.
517 630 539 662 e
551 652 558 674 ,
581 624 718 680 quatenus
738 606 885 679 affectioni
903 606 1024 704 obsequi
1041 606 1137 661 deceat
1156 626 1253 662 necne.

121 720 124 725 ¹
190 688 362 752 Affectiones
379 696 469 750 animi
488 710 554 749 sunt
572 695 619 749 vel
636 674 883 794 perturbationes:
913 693 961 746 ira
983 707 1032 746 sut
1055 691 1160 748 timore
1178 693 1257 748 exci-

191 796 279 848 tatae,
305 783 352 838 vol
371 792 529 853 voluptates
557 777 716 850 (ἀποφυγαὶ
733 778 787 830 τῶν
807 775 957 841 τοιούτων,
990 776 1045 832 τῶν
1063 779 1188 846 ταραχῶν
1207 779 1256 847 τῆς

191 870 290 938 ψυχῆς,
311 868 339 923 ἐν
359 866 524 936 adreptum).
543 880 576 919 ut
593 865 752 940 gaudium,
777 880 811 918 ut
828 883 919 926 emor,
939 863 994 918 alia
1011 862 1042 919 id
1060 882 1166 933 gennas
1192 864 1256 918 sffe-

193 957 304 1011 otioues
324 969 418 1009 autern
436 952 562 1025 corporis
580 968 647 1006 sunt
664 950 739 1003 mala
757 969 772 1003 a
790 949 911 1013 morbo,
938 947 1029 1014 bello,
1054 949 1155 1021 inopia
1165 989 1174 1015 ‚
1191 950 1257 1006 aliis

116 1033 118 1037 ’
191 1042 325 1115 profecis.
352 1072 386 1081 ·-—
410 1038 472 1106 τῆς
498 1037 662 1092 ἑκάστων
692 1035 767 1094 (τῶν
793 1033 990 1103 seductricem,-
1022 1022 1156 1108 proxime
1179 1036 1257 1091 enim

191 1127 308 1199 respicit
331 1124 561 1200 praecedentia
547 1145 577 1177 εν
594 1124 664 1177 πᾶσι
681 1124 740 1178 reis
757 1117 913 1187 τοιούτοις)
939 1117 1149 1179 διαθέσεως
1167 1123 1256 1198 signi·

190 1210 255 1267 ficet
274 1212 500 1283 uniuscuiusque
519 1209 677 1264 affectionis
699 1207 832 1262 habitum
853 1224 875 1263 s.
890 1221 995 1263 statum
1009 1221 1037 1260 et
1053 1209 1192 1268 modum;
1213 1209 1259 1264 irat

191 1282 270 1353 enim
285 1316 312 1352 οι
327 1298 416 1352 timor
429 1316 456 1349 v.
465 1316 490 1350 c.
508 1312 577 1350 tunc
591 1314 694 1368 pravae
706 1294 780 1348 fiunt
794 1292 896 1347 ιιιίιιιι
876 1292 1144 1368 'perturbationes,
1165 1315 1256 1369 quum

192 1402 344 1457 perversus
362 1403 407 1438 eas
410 1402 458 1436 um
479 1383 594 1437 habitus
612 1396 670 1447 est,
695 1380 723 1432 Ιι
742 1399 783 1445 e.,
808 1397 899 1452 quum
916 1379 1035 1434 modum
1054 1378 1256 1433 excedunt.—

190 1465 288 1523 Pro‘'
273 1491 322 1524 οσσ
345 1483 410 1542 post
435 1468 576 1552 ἀποφυγοί
599 1469 665 1522 Ald.
689 1468 769 1523 Lov.
795 1468 860 1522 Bas.
879 1486 904 1539 ι.
922 1479 996 1522 et2.
1021 1459 1084 1519 οόσι
1102 1462 1254 1525 exhibent.

192 1573 263 1611 mox
280 1557 345 1611 Bas.
364 1572 389 1609 2
409 1555 471 1609 τότε
489 1573 543 1630 pro
561 1552 594 1609 τό
612 1575 650 1608 τι.

260 1639 409 1708 persidi
427 1642 542 1697 ταῦτα
559 1638 699 1712 ἀνάγκη
717 1653 769 1695 oet.
805 1640 902 1693 Etiam
920 1638 1012 1694 varies
1030 1642 1257 1714 operacqssiren

194 1726 225 1781 di
239 1741 267 1781 et
280 1728 471 1793 construendi
483 1728 609 1783 rationes
628 1728 699 1798 legis
714 1727 785 1787 lator¹
795 1723 928 1780 observet
935 1740 1017 1798 atque
1026 1727 1152 1786 ostendat
1160 1746 1257 1781 neces

193 1832 223 1869 sa
245 1802 302 1873 es'ta
327 1814 437 1869 civium
448 1820 548 1887 ‘porro
570 1816 602 1868 in
616 1813 661 1870 his
675 1812 747 1887 ipsis
769 1813 814 1880 (in
831 1811 934 1883 opibus
949 1811 998 1867 vel
1012 1811 1190 1882 acquirendis
1208 1811 1257 1867 vel

192 1901 409 1971 consumendis)
431 1900 648 1965 coniunctiones
665 1920 696 1955 ac
711 1899 918 1953 disiunctiones
934 1898 1158 1959 animadvertet,
1180 1913 1208 1952 et
1223 1899 1256 1953 in

193 1985 347 2050 omnibus,
373 1986 478 2058 quibua
497 1985 566 2040 haec
584 1984 669 2049 fiant,
693 1987 790 2041 modis
808 1984 974 2056 indagabit.
1001 1983 1073 2054 quid
1091 1983 1201 2039 iustum
1219 1982 1258 2037 sit

193 2087 277 2145 atque
302 2075 475 2134 honesturn,
508 2072 579 2144 quid
603 2088 696 2144 turpe.
724 2103 760 2111 -
793 2070 961 2127 Accusativi
986 2069 1035 2127 ruis
1060 2075 1206 2126 ιοινιοιίσι
1228 2058 1258 2130 et

193 2155 327 2216 διαλύσεις
344 2179 359 2213 e
376 2159 467 2214 verbo
486 2157 630 2229 φυλάττειν
649 2157 784 2230 pendent,
802 2172 831 2210 et
847 2156 941 2212 dativi
958 2155 1048 2211 ἑκοῦσί
1063 2175 1094 2213 τι
1112 2162 1159 2209 καὶ
1177 2154 1257 2210 deca·-
1288 2148 1290 2154 ’

194 2265 221 2299 σι
251 2263 266 2298 s
299 2245 480 2301 substantivo
512 2247 673 2308 κοινωνίαι,
706 2243 745 2298 ita
776 2257 808 2296 ut
833 2242 1032 2316 genitivorum
1058 2257 1148 2316 partes
1172 2256 1258 2314 agant

192 2329 270 2399 (vid.
296 2330 330 2385 de
354 2331 410 2386 hoo
433 2330 526 2385 dativi
552 2348 622 2390 usu.
652 2348 723 2401 quse
748 2347 834 2403 supra
852 2329 1063 2402 exposuimus).
1097 2331 1152 2383 Pro
1171 2328 1252 2386 καθ’

194 2416 333 2472 ὁποῖοι
358 2417 526 2490 scripsimus
550 2423 609 2470 καὶ
633 2412 786 2476 ὁποῖον,
812 2428 840 2468 et
858 2431 955 2469 sensus
975 2429 1002 2468 et
1019 2426 1175 2475 structurae
1192 2435 1260 2471 cau·

120 2486 126 2501 .
194 2523 233 2560 ss·
285 2502 425 2557 Similiter
459 2502 620 2576 Stephanus
646 2501 732 2556 scribi
756 2496 873 2556 volebat
895 2495 976 2568 κᾷθ’,
1007 2500 1027 2554 i.
1046 2519 1087 2566 s.,
1118 2509 1164 2555 οισι
1188 2500 1266 2558 εἶτα..

195 2591 311 2646 Deinde
330 2605 394 2644 antc
413 2591 504 2642 πᾶσι
523 2584 714 2645 τοιούτοις
731 2586 956 2658 interposuimus
975 2587 1031 2651 ὲί,
1058 2586 1137 2657 quod
1154 2586 1259 2642 itidem

197 2676 390 2749 Stephanus
381 2695 440 2730 ram
468 2672 650 2729 desideravit.
687 2667 869 2727 “Euenor
897 2671 982 2740 (Ald.
1010 2674 1075 2726 Bas.
1096 2694 1120 2727 1.
1138 2689 1163 2726 2.
1181 2675 1258 2729 Lov-

194 2765 328 2841 ἕκαστος)
361 2761 479 2836 respicit
505 2759 553 2816 τοι
579 2763 723 2815 κοινωνίας
742 2773 775 2813 et
804 2755 952 2822 deciduus}
982 2757 1123 2861 plenius
1113 2774 1153 2813 ste
1171 2759 1260 2815 scribi

195 2848 330 2905 debebat:
356 2842 640 2911 nutriendorum
659 2841 792 2901 τοιούτοιν
809 2841 961 2912 (ὁποῖον“
941 2864 976 2898 αι
993 2832 1089 2918 ᾖ),·“
1072 2866 1088 2898 ο
1108 2842 1260 2915 πράττουσι

106 2928 109 2939 ’
195 2934 266 3002 πρὸς
297 2931 447 3000 ἀλλήλους.
458 2963 493 2974 -
528 2931 602 2984 Mox
632 2927 697 2983 Ale
732 2932 795 2984 Bas.
815 2949 839 2983 1.
857 2943 928 2984 etc.
962 2928 1025 2985 τότε
1048 2934 1108 3003 pro
1147 2928 1186 2984 τό
1211 2951 1258 2987 τε

193 3020 309 3076 Deinde
326 3019 392 3073 Atd.
410 3020 475 3073 Bas.
494 3037 518 3071 ι.
538 3029 609 3071 et2.
626 3015 808 3071 ιοοιιιίέστι
836 3036 873 3071 τι
895 3000 1090 3087 ,scripsimus3
1124 3016 1256 3091 stephan.

197 3121 225 3161 et
241 3106 360 3177 Bipont.
386 3105 445 3160 ἐστι
461 3123 500 3158 τε.

264 3191 310 3258 τῷ
332 3191 439 3260 νόμῳ.
482 3183 637 3261 Vulgo
597 3206 652 3242 τισι
671 3184 781 3255 νόμον,
815 3188 895 3261 quod
911 3187 1010 3245 locum
1029 3188 1129 3244 habere
1148 3194 1259 3264 nequit.

150 3340 151 3343 Ἴ
195 3277 263 3331 Lib.
280 3277 333 3335 lv.
358 3295 386 3351 p.
406 3276 465 3342 715.
497 3275 533 3329 C:
567 3270 597 3330 ds
624 3269 694 3326 d'²'
675 3293 709 3325 αν
735 3294 794 3330 τοις
812 3279 918 3329 sedeces
936 3271 1260 3342 consummandum

195 3359 220 3418 τ’
240 3356 267 3435 ᾖ
305 3363 417 3416 Ficinus
435 3359 605 3434 simpliciter
622 3359 726 3415 vertit:
743 3359 973 3457 „aparentibus
993 3359 1107 3430 quidem
1127 3363 1262 3427 honores,

195 3467 256 3503 non
273 3444 440 3518 parentibus
467 3444 591 3500 debitas
593 3462 707 3520 poenas
732 3459 893 3501 constituat
896 3451 914 3478 ⁸‘
948 3446 1031 3499 Unde
1049 3448 1186 3504 coniicias
1202 3451 1261 3506 for·-

194 3550 268 3590 tasse
286 3533 439 3605 quispiam,
462 3531 517 3586 τῶν
534 3520 629 3601 νόμον
645 3529 751 3585 vel
712 3551 749 3597 τῳ
767 3527 842 3600 νόμῳ
861 3529 987 3588 alianum
1007 3548 1066 3594 esse
1084 3526 1260 3607 additamen-¹

176 3635 269 3677 tum.
294 3650 329 3662 -·-
364 3616 452 3673 Paulo
471 3633 537 3688 post
556 3617 628 3672 Cod.
646 3619 728 3674 Voss
747 3619 811 3670 sive
829 3613 867 3686 δὴ
884 3615 1000 3687 τρόπον.

179 3746 182 3752 -
264 3702 437 3787 ιστιδώι.
477 3704 606 3778 Respicit
636 3704 693 3758 hoc
716 3722 910 3776 praegressum
936 3701 995 3776 ἴδῃς
1032 3707 1165 3779 quocirca
1188 3729 1260 3784 pun·
1275 3764 1287 3779 ι

131 3784 135 3803 ’
197 3806 292 3852 ctum.
319 3788 424 3865 quod'
415 3807 447 3844 ιιι
464 3788 548 3843 libris
567 3788 653 3844 editis
671 3805 765 3852 extat,
800 3789 831 3841 in
849 3807 962 3846 comma
981 3792 1172 3849 mutavimus.
1209 3796 1261 3850 Ce-

195 3894 292 3934 terum
317 3876 413 3933 laudat
430 3875 499 3930 haec
518 3875 660 3930 Eusebius
677 3877 775 3946 Praep.
792 3878 847 3931 Ev.
865 3878 932 3943 x11,
952 3876 993 3931 26.
1018 3897 1046 3948 p.
1064 3888 1124 3951 589.
1143 3882 1183 3934 D.
1209 3881 1261 3938 ubi

197 3983 228 4021 τ,
245 3964 345 4035 Viget.
366 3982 396 4039 p.
413 3956 459 4030 36.
484 3990 528 4021 -,
553 3964 609 4016 Pro
632 3959 829 4030 ἐπιστήσει
854 3961 927 4019 God.
952 3963 1036 4023 Voss.
1061 3962 1259 4034 ἱπιοτὴσσιτοι,
