2670 4778
19 482 23 493 ι
112 439 163 514 uss
409 430 887 526 surmuovunsronus

113 576 162 634 συίι
177 575 233 632 ἔστι
252 562 299 631 itii
317 549 349 626 ri
371 566 411 638 μή
425 565 620 640 γιγνώσκεσθαι
632 568 726 636 (cuius
741 567 861 642 quidem
875 583 999 635 nomen,
1017 586 1061 638 te.
1079 572 1181 626 verum

10 715 17 723 ,
112 685 144 739 ae
157 659 328 738 proprium,
345 655 405 709 diei
416 655 531 728 nequit,
549 653 616 733 quis
630 654 764 726 ignotum
779 663 840 720 est).

7 824 11 837 .
116 786 119 791 ’
183 765 529 864 παλαιὸν-τόσοι.
567 782 875 857 conventrense.
918 788 960 842 Ut
979 783 1098 860 reliqua
1124 785 1182 841 fere
1232 764 1237 773 ⁵

113 878 229 939 omnia,
247 875 289 930 sie
308 871 393 927 etism
410 870 478 926 haee
494 869 610 925 confuse
625 872 754 942 exposita
767 888 843 928 sunt.
877 873 984 928 Dicere
995 871 1100 928 voluit
1113 870 1181 928 seri·

113 981 193 1039 ptor:
213 957 423 1033 antiquissimis
437 954 514 1011 enim
528 957 586 1011 iam
599 957 777 1029 temporibus
789 959 881 1014 sidera
897 958 1050 1033 observata
1067 973 1137 1014 sunt
1150 958 1181 1013 in

35 1085 40 1099 .
112 1052 172 1107 illis
189 1046 376 1119 regionibus,
401 1041 451 1096 ubi
475 1041 589 1098 eoelum
606 1061 641 1096 ex
658 1045 740 1099 omni
759 1061 837 1120 parte
869 1059 970 1118 petens
992 1058 1021 1099 et
1045 1061 1181 1099 serenum

114 1153 185 1197 eretz
210 1148 285 1190 certa
301 1149 372 1186 vero
396 1129 515 1184 nomina
532 1124 620 1182 stellis
633 1147 691 1182 non
703 1129 934 1202 imponebantur.
972 1129 1121 1185 Similiter
1137 1129 1180 1185 Gi·

48 1222 59 1241 ⁸
113 1241 175 1280 cero
191 1222 224 1275 de
240 1219 361 1274 divinet.
377 1217 399 1280 1,
415 1235 447 1268 ιε
472 1213 647 1284 „Principio
659 1215 788 1287 Assyrii,
807 1232 839 1277 ut
851 1215 886 1271 ab
898 1216 1010 1271 ultimis
1023 1215 1182 1270 auetorita-

109 1327 172 1379 ¹nun
192 1321 317 1380 repetam
325 1292 338 1369 ,’
371 1317 491 1376 propter
516 1301 671 1374 planitiem
694 1302 980 1376 mngnitudiuemque
1009 1300 1201 1376 regionum„

95 1432 99 1450 .
114 1403 192 1470 qussi
205 1382 381 1451 ineolebant.
406 1406 496 1462 quum
520 1388 633 1442 eoelum
656 1408 692 1444 ex
704 1391 786 1445 omni
799 1408 877 1464 perte
890 1405 988 1464 petens
1002 1380 1091 1462 atque
1104 1405 1184 1462 aper·

114 1501 177 1540 tum
194 1482 389 1537 intuerentur,
419 1472 603 1541 traiectiones
624 1483 779 1550 motusque
801 1475 946 1532 stellarum
980 1475 1185 1532 observitave·

113 1583 196 1644 runt;
213 1565 329 1640 {quibus
348 1557 454 1615 notatis
479 1558 548 1630 quid
570 1559 673 1631 cuique
695 1561 919 1634 significaretur,
938 1560 1101 1618 memoriae
1115 1554 1208 1632 pro·'

112 1658 258 1712 eliderent.
275 1681 310 1692 ⁴
343 1644 470 1709 Eandem
485 1658 575 1698 ertem
590 1645 677 1699 etiem
690 1649 828 1720 Aegyptii
842 1645 1059 1723 longinquitate
1066 1663 1184 1720 tempo-

29 1759 32 1764 ’
111 1761 180 1798 rum
200 1732 461 1792 innumerabilibus
483 1747 572 1802 paene
586 1732 689 1788 seculis
705 1735 847 1799 consecuti
861 1726 1033 1809 putentur.“
1069 1739 1105 1789 In
1120 1751 1184 1789 ver·

20 1820 28 1867 .'
112 1831 158 1887 bis
179 1824 219 1881 eis)
240 1816 408 1888 τοῦίιόσμοσ
426 1816 486 1872 nisi
506 1817 614 1871 vitium
632 1819 715 1880 latet,
740 1836 773 1875 ut
796 1820 852 1875 ἐκεῖ
870 1821 919 1876 τσῦ
939 1818 1103 1890 adsuestis:
1121 1819 1184 1877 iltis

112 1913 218 1972 mundi
238 1906 422 1982 regionibus)
444 1901 531 1958 scribi
550 1919 695 1974 oporteat,
721 1904 771 1960 τσῦ
790 1907 891 1975 κόσμου
909 1906 944 1961 de
963 1904 1045 1960 coelo
1065 1905 1184 1980 cupien-

113 2002 181 2062 dum
205 1996 259 2051 erit
275 1989 489 2060 (vid.'Fabric.
511 1989 547 2045 ad
568 1992 644 2044 Sext.
666 1993 778 2063 Empir.
800 2013 828 2066 p.
845 1992 905 2059 663.
947 1990 1133 2062 Wesseling.
1148 1990 1186 2044 ed

116 2086 237 2143 Diodor.
258 2079 312 2136 sic.
333 2078 369 2131 Τ.
384 2079 408 2132 1.
428 2086 531 2147 p.,225.
550 2089 579 2129 et
603 2075 730 2130 Naekius
752 2079 856 2151 scheri
865 2078 953 2133 eritis
967 2077 1000 2131 in
1012 2074 1103 2130 Beck.
1120 2079 1187 2133 Aet.

114 2170 220 2227 semin.
236 2169 305 2238 Reg.
324 2165 361 2222 V.
376 2164 413 2214 11.
437 2163 523 2216 P.11.
545 2180 573 2233 p.
588 2173 648 2233 395.
690 2162 832 2237 Similiter
860 2164 1033 2218 Latinorum
1062 2163 1187 2216 mundus

109 2267 281 2327 usurpatur,
299 2248 361 2303 vid.
376 2248 501 2321 interpp.
516 2247 551 2302 ad
566 2246 658 2306 Vsler.
670 2248 759 2305 Flere.
770 2250 864 2324 12563.
903 2247 1125 2325 Drakenborgb.
1148 2249 1186 2305 etl

113 2345 168 2401 sil„
185 2338 275 2394 Italic.
291 2337 357 2399 XII,
373 2335 434 2400 336.
455 2336 517 2398 ὼς
544 2349 577 2389 ut
590 2334 778 2406 coniungetur
793 2332 899 2389 ὑδάτων
914 2331 1099 2404 recisiones,
1120 2335 1144 2390 i.
1158 2356 1187 2411 q.

112 2433 149 2487 in·
162 2423 242 2493 Ᾰιὸι,
268 2421 455 2499 pluviarum,
480 2419 543 2476 vid.
563 2420 599 2479 etl
619 2421 709 2496 Legg.
738 2422 788 2487 VI,
809 2429 836 2489 8.
879 2418 952 2476 eod.
975 2422 1062 2480 Voss.
1086 2414 1187 2494 ιισιιιηέ

112 2516 219 2586 μένους.
583 2521 586 2525 ’

182 2639 483 2713 βεβασανισμένα
501 2631 611 2706 χρόνῳ
629 2627 795 2706 μσριετσῖ
811 2649 861 2691 est
897 2635 964 2696 vid.
983 2637 1076 2711 Legg.
1100 2641 1182 2708 11‚3.

112 2751 141 2805 p.
156 2728 217 2797 656.
230 2730 264 2780 E.
283 2740 310 2779 et
324 2723 357 2777 cf.
373 2722 494 2777 Diodes.
510 2723 563 2778 Sic.
578 2726 600 2787 I,
615 2732 658 2790 81.
676 2740 705 2794 p.
721 2739 766 2794 92.
786 2721 839 2776 ubi
852 2743 881 2780 v.
894 2723 1067 2795 Weseeling.
1104 2725 1183 2779 Mox

18 2882 21 2887 Ι
112 2814 186 2871 Cod.
202 2815 291 2872 Voss.
306 2809 483 2880 θαῤῥοῦντσ,
502 2813 583 2877 τίμιοι
595 2827 649 2883 pro
665 2807 784 2878 μῆθεῖσ
800 2823 827 2863 et
844 2805 990 2879 σῦφρόνων.

134 2941 136 2945 ¹
180 2955 267 3011 ἀλλά
291 2954 357 3028 γὰρ
380 2959 514 3028 unl‘oet.
568 2953 666 3028 Vulgo
697 2948 822 3024 σ’νὸιιατα
847 2951 972 3024 εἰλήφασι
996 2952 1069 3025 πρός
1086 2956 1180 3014 ἔνι’σιν.

111 3045 302 3118 Scripturam,
326 3060 410 3115 quam
431 3042 543 3093 Ficinus
563 3040 697 3096 exhibuit
716 3055 845 3096 vertens:
870 3039 1052 3115 „agnomina
1076 3058 1176 3099 tamen

49 3128 57 3139 “
109 3133 241 3186 Deorum
266 3134 406 3192 tenent,“
434 3127 506 3182 Coti.
517 3127 598 3186 Voss.
621 3128 764 3192 servavit,
794 3147 878 3202 quam
904 3126 1022 3199 quidem
1044 3128 1175 3201 recipere

109 3238 170 3274 non
199 3214 415 3280 dubitavimus,
448 3213 606 3283 ἐπωνυμίαν
630 3214 670 3270 in'
687 3214 842 3282 ἐπωνυμίας
869 3227 1028 3275 mutantes:
1065 3215 1179 3287 optime

110 3305 188 3359 enim
208 3303 341 3355 Deorum
365 3301 484 3355 nomina
507 3301 596 3356 stellis
616 3302 808 3363 conveniunt,
835 3320 904 3376 quas
919 3300 993 3371 ipses
1009 3301 1091 3354 Deos
1117 3301 1176 3356 esse

110 3408 197 3463 supra
222 3385 359 3458 exposuit
381 3387 511 3458 scriptor.
555 3389 651 3442 Etiam
674 3389 707 3444 in
732 3408 808 3462 seqq.
832 3387 904 3443 Cod.
921 3387 1006 3443 Voss.
1020 3387 1114 3440 secuti
1130 3406 1176 3442 su·

104 3495 195 3540 rnus,
221 3475 270 3527 cui
285 3473 395 3526 Ficinue
407 3474 558 3528 assentitur
576 3475 711 3530 reddens:
748 3475 892 3538 „Lucifer
903 3473 997 3533 enim,
1015 3472 1068 3545 qui
1080 3486 1109 3526 et
1120 3473 1179 3531 Ve-

54 3595 60 3600 -
108 3581 171 3634 sper
184 3574 242 3626 est,
261 3558 338 3613 stella
349 3557 541 3630 Aphrodites,
553 3561 672 3616 Veneris
688 3579 744 3617 esse
758 3561 873 3616 dieitur.
884 3566 904 3591 “
937 3554 1036 3629 Vulgo
1052 3558 1176 3630 legitur:

100 3642 241 3715 Ἔσπερός
261 3640 328 3698 reni
349 3641 428 3701 αὐτός
448 3643 518 3697 εἶναι
538 3644 588 3713 ἔχει
610 3645 644 3714 δὴ
662 3647 753 3718 λόγον.
795 3647 886 3700 Cicero
909 3645 943 3698 de
959 3645 1119 3700 nat-Deor.
1137 3647 1176 3704 Π,

108 3747 157 3785 20:
195 3729 320 3795 „Infima
348 3745 389 3784 est
404 3729 531 3802 quinque
544 3732 700 3786 errantium
717 3746 862 3803 terraeque
876 3721 1009 3802 proxima
1022 3730 1103 3784 stella
1119 3732 1179 3791 Ve-

97 3816 200 3880 ²neris,
220 3815 374 3888 ftbwrpsipor
395 3835 508 3889 greum,
529 3815 647 3872 Lucifer
669 3815 757 3871 latine
772 3816 895 3882 dieitur,
913 3833 1003 3889 quum
1015 3816 1177 3886 antegredi-

107 3919 155 3957 tur
173 3902 286 3964 Solem,
308 3923 397 3975 quum
415 3903 597 3976 subsequitur
615 3916 718 3965 autem,
732 3906 883 3977 Hesperus.
891 3910 909 3937 “
944 3902 1018 3954 Mox
1028 3901 1116 3956 verba
1130 3909 1177 3957 aa!

106 3984 184 4056 μάλα
197 4015 231 4031 -
243 3992 369 4060 πρέπον.
388 4010 460 4066 quas
475 3990 583 4048 slibris
599 3978 683 4047 e'ditis
702 3989 821 4052 absunt.
846 3987 939 4059 seed·
953 3989 1039 4053 Voss.
1054 4006 1175 4045 neeesse·
