2670 4778
453 402 790 479 1NLEGG.1V,4.'
1071 432 1122 488 ²⁰7
1206 480 1210 489 .
1310 395 1313 404 Ι

85 514 105 543 'T
120 531 175 616 ⁹52}
190 552 277 614 dade
293 555 361 625 μὲν
380 550 501 609 πάντα
519 566 573 608 eet.
615 552 749 607 Laudant
769 550 836 606 haee
859 552 962 605 Iulian.
987 554 1023 607 ad
1045 553 1120 609 The·

48 647 127 712 mist.
146 664 174 719 p.
191 646 250 713 257.
260 654 309 717 eq.
325 643 369 697 ed.
394 638 545 716 spanhem.
592 640 712 693 Hieroel.
741 638 776 694 de
797 638 963 712 provident.
988 641 1019 694 in
1038 642 1122 696 Phot.

52 730 198 787 Biblioth.
219 730 292 785 cod.
311 732 368 782 251.
389 749 417 799 p.
437 730 510 797 1589.
530 730 570 780 18.
589 740 617 780 et
633 727 711 781 Stob.
729 729 818 779 Serm.
833 727 940 782 LVIII.
958 744 987 797 p.
1004 729 1064 782 380.
1082 730 1123 782 28.

52 821 97 876 cf.
119 818 252 874 nemin.
265 815 346 872 Orat.
361 815 499 872 XXXIII.
517 832 546 886 p.
560 815 620 868 585.
635 813 666 866 C.
683 812 735 867 ubi
748 831 777 866 v.
791 810 932 866 Harduin.
950 832 978 885 p.
995 815 1052 866 550.
1125 838 1141 865 ,ο

122 951 250 1017 τρίτον
267 943 502 1015 ξυγχωρῆσαι.
522 942 593 998 c'od.
609 943 692 1001 Voet.
708 938 816 997 τούτοις
827 939 1008 1031 συγχωρῆσαξ·
1027 948 1124 1013 τρίτον

53 1026 233 1104 {pudendm
287 1032 420 1087 Ceterum
436 1029 570 1085 similiter
580 1043 679 1083 notter
700 1027 752 1080 lib.
769 1026 809 1085 Χ,
822 1030 846 1078 4.
872 1046 900 1099 p.
923 1028 983 1079 888.
1004 1029 1046 1082 E:
1083 1031 1126 1086 λέ.

55 1125 133 1196 penei
144 1117 198 1174 nei
210 1137 296 1179 terat,
314 1114 349 1175 ὠς
362 1116 456 1172 πάντα
470 1116 526 1170 ἐστὶ
538 1112 575 1168 rei
592 1109 744 1185 πράγματα
766 1110 915 1183 γιγνόμενα
927 1121 973 1166 καὶ
991 1114 1127 1185 γενόμενα
1181 1120 1184 1131 “

57 1190 107 1263 καὶ
122 1202 288 1278 γενησόμενα
303 1201 339 1258 tei
350 1196 401 1272 μὲν
421 1199 537 1273 φύσει,
568 1197 603 1254 τὰ
627 1196 656 1253 δὲ
681 1203 802 1270 τέχνῃ,
829 1201 865 1254 τοὶ
886 1197 915 1253 δὲ
939 1196 984 1254 deni
1010 1202 1125 1275 τύχην,

59 1295 104 1350 Cf.
120 1275 218 1346 Iulian.
234 1291 314 1346 Orat.
330 1293 364 1367 Ι..
372 1307 398 1360 p.
416 1289 458 1344 25.
474 1290 513 1342 D.
536 1287 589 1344 ubi
604 1306 633 1341 v.
655 1287 805 1358 spanhem.
822 1306 849 1360 p.
867 1289 923 1340 181.
942 1302 970 1341 et
985 1289 1128 1362 Wytten·

59 1380 140 1434 bach.
153 1376 309 1445 Bibl.Crit.
326 1377 410 1435 V.11.
429 1379 459 1428 P.
475 1378 498 1430 Ι.
518 1395 546 1448 p.
561 1375 599 1428 X.
617 1405 652 1414 —-
670 1373 745 1426 Mo'x
761 1372 1007 1443 ξυλλαβέσθαι
1025 1381 1127 1433 ettad·

21 1452 25 1458 ¹
58 1469 165 1529 iuvare,
183 1459 371 1536 opiensem,
390 1478 424 1516 ut
438 1465 488 1526 VI,
507 1483 527 1514 1.
543 1465 600 1531 752.
618 1462 652 1516 A.
689 1459 923 1530 Pheedr.257.d.
951 1462 1131 1537 Theag.129.

55 1554 90 1607 E.
131 1550 266 1623 Xenopb.
286 1551 378 1603 Mem.
403 1552 480 1603 Soer.
502 1551 539 1609 ΙΙ,
561 1550 584 1600 6.
605 1551 646 1604 28.
662 1535 713 1618 57.
756 1546 916 1602 Oeconom.
934 1549 1016 1610 XIII,
1035 1569 1075 1608 ro,
1094 1553 1130 1609 al,

56 1640 128 1700 vid.
142 1635 309 1694 Boissouad.
325 1635 360 1688 ad
376 1633 537 1690 Philostret.
556 1655 585 1705 p.
599 1637 657 1688 585.
676 1647 704 1688 et
718 1633 797 1688 Bast.
811 1633 904 1717 Epist.
919 1635 982 1688 erit.
998 1639 1130 1711 Append.

55 1746 86 1802 p,
101 1728 144 1778 41.
182 1721 403 1776 Ficinusvertit:
422 1720 675 1795 „gubernateriam
691 1718 793 1776 habeas
808 1729 925 1776 neene.“
965 1720 1130 1779 Carnariuse

56 1807 317 1885 „gubernatoriam
338 1808 514 1881 suscipere.“

128 1949 187 1997 καὶ
218 1940 253 1993 ἐν
285 1939 365 1992 τοῖς
395 1936 526 1994 ἄλλοις.
580 1936 679 2010 Vulgo
701 1936 729 1990 ἕν
753 1936 844 2004 abest,
880 1955 939 2011 quo
960 1957 1131 1997 carereora-

59 2027 104 2083 tio
117 2045 178 2081 neu
194 2037 296 2101 potest.
333 2023 429 2076 Etiam
446 2025 557 2077 Ficinus
571 2026 675 2080 vertit:
695 2040 808 2087 „nonne
818 2039 845 2078 et
858 2025 891 2078 in
904 2024 968 2080 aliia
981 2028 1078 2081 eadem
1087 2050 1130 2084 ra·

60 2114 106 2170 tio
116 2111 154 2164 ¹3«
190 2113 264 2166 Mox
277 2128 331 2186 pro
349 2107 391 2165 δεῖ
402 2109 467 2164 Ald.
483 2111 562 2166 Lov.
574 2112 638 2166 Bae.
656 2131 677 2164 1.
690 2126 719 2166 et
730 2129 754 2162 2.
773 2104 820 2177 δή,
845 2124 874 2193 et
885 2129 937 2184 pro
950 2114 1044 2181 μέλλει
1057 2116 1132 2173 Cod.

62 2201 146 2260 Vota.
163 2197 268 2268 μέλλοι.
285 2227 320 2238 -
337 2193 520 2265 ἀληθείας
534 2193 591 2264 ἒχό
598 2217 730 2267 μενον,
748 2216 869 2259 verum,
886 2196 948 2253 vid.
967 2200 1002 2253 ad
1012 2203 1076 2263 VII,
1087 2223 1130 2258 20.

126 2326 287 2391 ¹diruite
304 2356 339 2366 -
359 2324 375 2379 d
392 2322 525 2396 παρόν.
560 2325 724 2381 Libriediti
742 2321 834 2394 ὀρθῶς
851 2348 879 2380 τι
893 2324 1001 2395 neptim
1019 2334 1134 2406 egregie
1162 2340 1164 2347 ‘

61 2412 79 2473 ὅ
94 2431 159 2473 ante
172 2416 264 2486 παρόν
284 2415 445 2487 Stephanus
459 2413 585 2470 coniecit
600 2413 841 2486 interponendum
858 2429 933 2476 enee,
956 2428 989 2468 ut
1008 2416 1047 2470 sit
1066 2418 1087 2474 i.
1102 2441 1132 2494 q.

64 2496 97 2559 ed
115 2499 265 2573 παρόντος.
311 2505 414 2557 Senaue
436 2517 490 2555 eet:
514 2519 611 2556 nonne
633 2500 701 2555 artie
720 2500 830 2572 peritus
851 2514 943 2563 reete,
968 2516 1001 2557 ut
1025 2504 1136 2577 aliquid

63 2577 231 2669 prpeetu‘eit
246 2602 274 2642 et
289 2607 382 2662 perae
399 2585 464 2656 (daei
478 2584 571 2655 τύχης,
602 2588 681 2662 quod
697 2587 753 2643 arti
774 2587 951 2675 opponitur)
969 2590 1027 2645 iam
1048 2609 1136 2656 extet,

65 2676 179 2751 optabit
192 2677 241 2732 vel
253 2675 427 2748 postulabit,
452 2695 511 2749 quo
532 2673 599 2728 dete
617 2674 695 2729 nulla
715 2675 770 2731 alia
787 2693 817 2728 re
844 2675 903 2729 niai
924 2690 984 2729 arte
1005 2679 1041 2731 ad
1062 2698 1136 2753 opus
1215 2678 1225 2694 '

65 2761 275 2857 pprfieiendum
290 2761 442 2834 indigeat?
461 2763 550 2815 Ficini
563 2781 650 2836 aeque
664 2782 696 2818 ac
715 2764 844 2818 Ceruarii
857 2761 1005 2818 translatio
1021 2786 1037 2819 a
1050 2785 1138 2827 sensu

29 2852 33 2857 '
66 2849 209 2906 orationis
224 2849 368 2905 abhorret.
405 2848 596 2904 Bb'ckhiusdn
609 2851 683 2904 Min.
709 2871 738 2925 p.
761 2854 816 2904 104.
843 2850 1004 2923 corrigebat
1023 2849 1139 2911 dinem
1193 2922 1197 2929 p

41 2962 45 2969 ¹
68 2935 179 3005 ᾆρθῶς,
196 2942 224 2991 τί
236 2937 349 3006 παρὸνε
370 2956 494 3000 „nonne
511 2937 609 3007 quiin
623 2938 762 3009 singulis,
789 2957 857 3012 quae
881 2937 961 2997 dixi,
984 2940 1069 2997 rehua
1088 2963 1136 2998 ar·
1205 2997 1209 3006 ,

68 3038 128 3083 tem
144 3020 260 3085 habeat,
282 3022 367 3076 etiem
383 3023 439 3075 rite
458 3043 488 3075 ee
500 3023 648 3108 precariket
667 3039 761 3098 petere
781 3044 797 3077 a
820 3023 876 3077 diis
899 3025 1022 3096 poterit,
1048 3018 1138 3101 quaa,

66 3109 161 3180 modp
173 3109 349 3180 contigerint
363 3109 487 3177 fortuna,
504 3110 654 3182 indigeant
655 3108 724 3182 pola
738 3125 813 3171 arte,
831 3125 864 3164 ut
878 3110 912 3163 ad
928 3109 1035 3167 bouum
1052 3133 1138 3170 even-

68 3211 134 3253 tum
147 3194 359 3252 adducantur.“
404 3198 486 3252 Tune
496 3202 525 3251 τί
537 3217 590 3273 pro
604 3192 620 3250 d
632 3198 800 3270 repetitum
820 3216 879 3250 ease
892 3195 1022 3260 deberet,
1039 3192 1139 3258 elneus

68 3299 143 3337 vero
158 3281 325 3354 neutiquam
340 3283 446 3343 melior
461 3285 610 3346 existeret,
628 3305 715 3356 quam
732 3282 938 3359 quiin·Fieini
956 3296 985 3336 et
1005 3286 1142 3342 Cornarii
1199 3287 1202 3291 ’
1293 3308 1300 3316 ’

69 3366 169 3422 verbis
188 3367 269 3422 ineat.
312 3371 368 3423 Pro
394 3370 485 3440 παρόν
510 3369 583 3428 Cod.
604 3373 688 3430 Voss.
711 3369 777 3441 παρ’
797 3367 870 3437 αὐτῷ
880 3366 897 3432 ,’
914 3383 943 3423 et
960 3387 1016 3440 pro
1036 3369 1144 3426 ἐπιδέοι

74 3453 262 3525 Heindorsius
280 3456 402 3526 specim.
417 3458 536 3513 conieet.
553 3477 583 3530 p.
598 3463 639 3515 55.
663 3460 705 3513 ἔτι
720 3456 778 3512 δέοι
791 3457 878 3513 aeribi
891 3456 993 3516 iuaeit,
1019 3458 1069 3512 aed
1088 3457 1141 3514 lib.
1174 3470 1181 3489 ¹

70 3540 110 3605 X,
123 3556 150 3610 9·
169 3558 198 3612 p.
214 3542 275 3611 899.
289 3541 336 3595 D:
355 3543 410 3595 εἴτε
426 3541 593 3607 ἐπιθέον,
613 3565 684 3618 quee
697 3559 731 3602 ut
746 3544 855 3600 teriora
872 3545 997 3600 notanda
1013 3559 1089 3600 aunt.

93 3682 97 3695 .
141 3653 171 3703 Ρ.
187 3652 244 3706 136.
269 3649 423 3721 ὃλαβών
441 3650 641 3718 ἕξειςῶςτ’.
683 3655 822 3712 Particula
841 3650 925 3713 dieat
942 3655 1082 3723 abundat,
1110 3672 1144 3714 nt

72 3732 182 3799 1X‚'15.
203 3756 231 3811 p.
249 3741 307 3808 875.
324 3741 365 3792 A:
391 3739 472 3810 ἱκανή
483 3741 579 3811 φύεται
593 3736 658 3799 diere
672 3743 783 3815 γνῶναι.
823 3742 960 3817 Epinom·
976 3744 1003 3795 4.
1028 3761 1055 3812 p.
1080 3747 1149 3889 973⁴

72 3823 112 3877 B:
139 3822 171 3878 τό
187 3824 238 3896 γάρ
255 3822 284 3878 ’ἐν
301 3821 335 3894 δὴ
350 3831 396 3878 καὶ
411 3822 456 3879 dio
471 3832 564 3899 γέγονε
578 3825 669 3883 πόθεν
682 3829 749 3898 ἡμῖν
771 3826 831 3887 e‘iet'
852 3828 989 3898 ἐννοῆσαι.
1024 3829 1092 3887 Vid.
1107 3850 1122 3885 a

29 3919 35 3925 '
74 3908 195 3964 Phaedr.
214 3930 244 3980 p.
261 3913 321 3966 514.
339 3911 440 3985 ibique
456 3913 549 3988 eitntia
564 3914 703 3969 addantur
717 3915 801 3973 Polit.
818 3917 868 3974 IV.
885 3935 915 3989 p.
929 3917 989 3968 455.
1002 3917 1035 3970 Β.
1054 3908 1144 3990 ΙΧ.ρ.

76 3995 134 4068 578.
149 3996 183 4050 C.
223 3996 349 4070 Sehdfer.
364 3998 400 4054 ed
413 4000 549 4074 Sophocl.
565 4000 670 4075 Oedip.
690 4001 795 4060 colon.
815 4004 889 4056 1550.
916 4001 952 4056 T.
974 4004 1011 4057 II.
1035 4024 1065 4081 p.
1084 4009 1154 4063 324..
