2670 4778
200 426 251 480 eso
480 376 960 489 susurrus-insieme

139 626 142 635 Ι
197 561 343 640 reposuit,
367 563 515 617 Cornarir'rs
532 498 703 616 coniecerrtl
730 562 807 645 'Mpx
823 559 1000 631 πράττονται
1013 562 1150 632 offendit,¹
1168 552 1272 639 <inum-

197 649 290 714 infra,
309 647 360 702 ubi
374 647 444 701 'haec
457 663 640 718 repetuntur,
670 648 838 721 simpliciter
853 648 982 720 positum
1007 651 1059 705 site
1085 651 1120 705 τά
1139 672 1169 723 γε
1184 653 1266 708 κοινά

193 742 243 795 Ικαὶ
260 732 377 804 δημόσια
392 731 532 800 ἐθελήσειν
548 728 644 789 adrosis
659 734 707 805 ζῇν
722 730 767 786 διά
789 732 893 802 νόμων.
929 736 1023 808 Igitur
1037 735 1071 790 τά
1083 735 1205 806 δημόσια
1217 747 1265 795 καὶ

144 820 147 827 '
199 818 279 873 κοινά
293 835 334 874 est
349 815 420 872 κατά
431 815 465 871 τά
479 806 595 886 δημόσια
610 827 655 893 καὶ
673 818 766 880 κοινά,
789 821 820 872 in
832 820 916 877 rebus
937 820 1059 895 publicis
1079 841 1111 876 κο
1131 842 1264 879 commu·
1301 840 1306 853 ¹

198 906 294 961 nibus.
339 903 477 976 Quocirca
498 903 655 983 edmoduru
680 905 785 958 arridet
807 906 921 960 Faelrsii
943 907 1104 963 coniectura
1128 909 1263 985 (Syllog.

198 995 290 1049 Lectt.
309 1011 337 1064 p.
353 992 428 1057 587.)
447 987 594 1042 scribentis
608 988 777 1055 τάττοντας,
794 993 970 1047 referendum
986 993 1019 1047 ed
1034 993 1149 1062 νόμοισι
1178 995 1263 1066 „qui-

199 1097 312 1150 cunque
328 1081 369 1130 ite
384 1089 491 1137 censet,
510 1075 678 1141 civitatibus
692 1074 766 1147 leges
784 1095 842 1131 esse
861 1078 1002 1143 ferendas,
1030 1099 1101 1152 quse
1118 1079 1264 1145 deliniant,

198 1185 253 1238 que
267 1164 378 1218 ratione
390 1162 421 1215 in
434 1158 517 1212 rebus
531 1159 654 1230 publicis
667 1175 751 1230 atque
767 1163 970 1218 communibus
993 1183 1040 1219 eos
1062 1182 1191 1233 oporteat
1215 1167 1264 1222 vi·

187 1252 254 1305 't'em
270 1248 433 1306 instituere,
449 1246 573 1318 privatas
586 1264 659 1299 vero
679 1266 722 1300 res
730 1257 746 1279 “
773 1263 824 1302 eet.
868 1249 1037 1318 Quanquam
1059 1250 1095 1304 in*-
1112 1253 1264 1306 sententie·

197 1357 262 1399 rum
280 1353 386 1390 nexum
410 1331 502 1403 nugis
526 1331 692 1386 conveniret
712 1330 819 1387 τάττων
844 1341 893 1394 (ut
916 1332 990 1387 inire
1009 1339 1215 1404 προέμενοι
1233 1337 1263 1393 il

197 1421 234 1478 ’τά
249 1421 305 1475 ἴδια
320 1402 519 1486 &repellerem
533 1416 637 1487 ἡγεῖται
660 1427 745 1483 eet),
769 1434 803 1472 ut
822 1418 874 1473 sit:
901 1421 952 1490 qui
973 1421 1005 1476 iu
1025 1418 1135 1492 legibus
1159 1425 1262 1481 dandis

197 1507 316 1564 nonnisi
331 1507 423 1560 adres
438 1502 563 1575 publica*
579 1516 606 1556 et
626 1521 791 1583 communes
810 1519 915 1576 spectet
935 1520 986 1559 cet.
1028 1506 1082 1560 Sed
1104 1509 1263 1581 participio

195 1595 243 1649 vel
257 1593 291 1646 ed
306 1589 499 1661 legislatorem
517 1589 563 1645 vel
577 1589 612 1643 ed
631 1590 704 1664 loges
726 1589 873 1644 referendo
896 1609 932 1644 ne
954 1610 1026 1662 opus
1045 1593 1172 1664 quidem·
1184 1595 1264 1649 mihi

196 1680 315 1734 videtur
336 1694 400 1731 esse.
443 1679 624 1730 Διανοεῖσθαι
645 1677 738 1736 enim,
764 1674 889 1748 eogi'tare
914 1683 1062 1745 (nostrum
1080 1680 1262 1751 geminen),

197 1765 281 1819 estin
296 1763 393 1816 animo
406 1760 524 1821 hebere,
543 1776 571 1815 et
583 1757 686 1828 νάμοοο
698 1758 922 1828 ἀποφαίνεσθαι,
941 1765 981 1831 πῆ
995 1780 1036 1818 est
1048 1765 1072 1819 i.
1082 1785 1109 1838 q.
1128 1775 1193 1834 περὶ
1199 1763 1262 1819 rod·

195 1870 260 1912 voe,
278 1849 356 1902 eruit:
376 1849 422 1918 qui
434 1845 495 1898 orbi
509 1847 582 1921 leges
596 1845 713 1899 seribere
726 1850 834 1919 cogitat
856 1848 890 1900 de
910 1851 1021 1903 ratione
1041 1851 1154 1905 vivendi
1177 1871 1264 1926 seque

196 1934 347 1991 exhibendi
366 1935 394 1984 in
409 1931 489 1989 rebus
504 1932 624 2002 publicis
638 1953 670 1984 oc
684 1932 882 1984 communibus.
919 1936 973 1989 Pro
994 1934 1171 2003 πράττοντας
1191 1953 1263 1994 tune

195 2020 369 2078 adverbium
382 2018 573 2073 desideramus
582 2017 623 2079 ¹ed
640 2020 688 2091 ζῇν
700 2017 895 2081 referendum
913 2020 1000 2094 idque
1014 2040 1072 2077 esse
1087 2026 1159 2095 puto
1178 2044 1199 2076 rr
1209 2045 1227 2092 p
1238 2044 1263 2078 ε-

195 2106 263 2163 πάν
273 2128 316 2160 τοι
326 2127 354 2170 ε,
373 2125 431 2180 quo
446 2103 519 2158 nihil
532 2105 627 2176 aptius
642 2104 763 2174 eogitari
775 2120 883 2177 potest:
910 2107 1047 2180 quomodo
1064 2107 1190 2161 decenter
1215 2109 1264 2163 vel

195 2195 392 2251 convenienter
406 2195 482 2264 ipsos
497 2193 589 2242 vivere
603 2203 749 2261 oporteat,
768 2187 795 2240 h.
809 2210 851 2256 ο.,
871 2193 1010 2267 quornodo
1026 2178 1096 2264 ipsis
1111 2195 1263 2249 vivendum

195 2283 248 2344 sit,
269 2281 293 2331 si
309 2279 437 2331 decenter
449 2289 477 2330 et
491 2276 604 2329 honeste
620 2276 821 2331 viverevelint.
840 2306 874 2320 -
893 2281 976 2335 Tune
994 2281 1048 2333 τῶν
1070 2279 1099 2334 δὲ
1122 2277 1199 2335 editor
1219 2296 1260 2336 est

196 2374 260 2435 περὶ
275 2361 304 2416 di
318 2364 371 2417 τῶν
385 2360 477 2424 ἰδίων,
497 2362 571 2437 quod
584 2381 649 2415 vero
671 2363 708 2415 ad
732 2382 776 2416 res
797 2365 924 2434 privatas
946 2367 1049 2418 attinet
1075 2367 1152 2427 (vid.
1177 2367 1213 2420 ed
1236 2360 1261 2434 Ϊ,

198 2466 238 2507 14.
248 2453 267 2519 ).
303 2450 448 2504 Inverbis
463 2445 527 2504 ὅσον
543 2444 645 2519 άνάγκη
654 2448 785 2503 desidero
799 2448 856 2520 μήτ
874 2448 938 2505 ὅσον
953 2472 973 2506 s.
986 2449 1109 2519 καθόσον
1124 2454 1165 2521 μή
1176 2450 1264 2525 άνάγ-

197 2560 248 2608 κη,
272 2535 417 2604 nisiquod
434 2546 541 2588 necesse
564 2548 621 2594 est,
645 2549 678 2587 ut
698 2533 836 2602 Phaedon.
861 2555 883 2589 o.
911 2555 941 2606 9:
967 2535 1091 2591 καθόσον
1109 2536 1149 2605 μή
1168 2537 1262 2609 πολλοὶ

195 2621 300 2694 άνάγκη
316 2626 437 2688 μετέχειν
453 2621 551 2674 αὐτῶν.
588 2622 692 2674 Sensus
704 2636 789 2674 esset:
809 2621 936 2674 derebus
957 2641 1021 2675 vero
1039 2624 1170 2694 privatis,
1187 2645 1262 2694 pau·

195 2713 233 2763 eis
249 2708 414 2784 quibusdam
429 2709 551 2777 exceptis
564 2706 740 2769 necessariis,
760 2703 795 2758 ne
807 2726 881 2780 opus
892 2709 1002 2777 quidem
1017 2727 1076 2761 esse
1090 2709 1165 2780 leges
1180 2712 1262 2765 dare.

193 2796 238 2850 Ad
255 2793 311 2846 δεῖν
326 2792 469 2866 repetend.
493 2789 592 2859 νόμους
619 2789 833 2859 ἀποφαίνεσθαι.
870 2795 980 2846 Ρίσίνιαε
994 2795 1095 2850 vertit:
1114 2799 1261 2871 „propris

194 2901 264 2937 vero
280 2882 384 2939 etiam,
404 2898 475 2950 quae
491 2879 646 2931 necesaria
661 2887 762 2930 sunt.“
803 2880 971 2932 Cornarius:
989 2919 1007 2941 „
1017 2883 1137 2954 privatis
1153 2899 1260 2945 autem,

194 2983 332 3038 quantum
349 2983 460 3019 necesse
473 2958 536 3026 est,'
547 2983 639 3033 neque
653 2981 725 3036 opus
742 2983 801 3018 esse
814 2981 902 3038 putet.
912 2972 931 2998 ⁸‘
967 2969 1045 3038 Quae
1066 2985 1149 3020 sensu
1171 2969 1261 3023 desti·

194 3068 255 3108 tuta
277 3070 334 3105 esse
351 3050 472 3124 quilibet
492 3048 644 3122 intelliget.
685 3053 808 3127 Sequens
832 3049 861 3104 δι’
885 3067 927 3106 est
954 3053 1112 3126 explicans,
1144 3054 1260 3120 scilieet,

195 3141 283 3196 enim,
308 3135 370 3190 vid.
385 3135 420 3188 ed
435 3139 472 3199 11,
495 3156 518 3187 ε.
545 3135 664 3188 alterum
686 3155 756 3191 vero
777 3136 806 3192 δέ
826 3153 893 3212 post
912 3146 1064 3206 προέμενος
1087 3140 1260 3205 orationem,

193 3222 252 3280 iere
266 3224 451 3292 interruptam
464 3221 562 3289 ,verbis
576 3221 754 3294 interpositis
774 3224 895 3288 ἐξουσίαν
922 3222 951 3278 δὲ
976 3225 1096 3283 ἑκάστοις
1112 3256 1147 3266 -·
1170 3233 1259 3299 γίγνε-

194 3316 278 3376 σθαι,
296 3309 460 3363 redorditur
476 3323 504 3360 et
517 3308 682 3369 continuat,
710 3307 769 3375 vid.
786 3312 821 3361 ad
834 3312 885 3374 111,
901 3314 941 3364 14.

242 3440 244 3445 '
266 3443 373 3494 Τίνος
398 3432 439 3504 δὴ
460 3434 562 3504 χάριν
587 3451 639 3490 cet.
680 3439 727 3494 De
748 3437 803 3492 hoc
825 3437 1057 3512 interrogationis
1077 3463 1131 3497 usu
1146 3442 1208 3498 vid.
1221 3445 1259 3500 ed

192 3529 217 3586 Ι,
237 3528 262 3580 5.

262 3641 636 3722 νομοθετήσαντοο--Ι
654 3652 859 3724 ἐχομένοις,
884 3655 1025 3726 insipit.
1069 3660 1143 3712 Mox
1161 3659 1258 3713 oratio

191 3737 380 3809 ἀνακόλουθον
392 3754 449 3798 est3
468 3738 507 3792 ita
531 3737 684 3815 procedere
706 3740 839 3797 debebat:
867 3757 893 3797 et
915 3745 967 3797 hoc
992 3746 1148 3797 institutum
1173 3747 1258 3799 initio

193 3826 304 3898 quidem
320 3823 445 3877 mirabile
457 3824 545 3878 videri
563 3826 729 3898 oportebat,
752 3840 865 3898 postero
889 3843 981 3883 autem
1006 3844 1146 3903 tempore,
1172 3850 1258 3904 quum

193 3911 224 3963 id
238 3912 321 3963 semel
335 3913 443 3983 experti
457 3925 554 3977 essent,
569 3912 651 3984 longe
665 3925 810 3983 praestare
818 3915 889 3968 illud
900 3919 1077 3990 orariumque
1087 3918 1123 3968 ad
1132 3919 1258 3971 civitatis

194 3996 312 4052 salutem
333 4010 470 4054 οισαοοαισ
482 4016 548 4075 ¹esse
568 3998 771 4077 intelligebant.
814 4001 1017 4079 Verbeigitur
1033 4008 1207 4075 γευσαμένοις
1228 4002 1259 4059 δέ
