2670 4778
208 432 260 485 ιιι
365 476 368 495 ,
501 426 976 509 ιιιιυιιιινεειειοιιεε

216 574 323 632 Victor.
336 498 405 641 Vltr.
420 569 512 625 Leott.
526 566 622 633 XXX,
635 569 660 622 5.
679 598 715 608 -
732 566 805 623 cod.
831 568 915 623 Mon.
935 564 951 621 ὅ
971 563 1054 639 piosa.
1111 566 1228 627 Deinde
1252 572 1290 628 sd

154 638 163 705 ·¹
214 657 309 729 ὀρθῶς
320 660 373 727 ἔχει
391 655 549 727 Stephanus
574 652 735 708 addendum
751 671 809 709 esse
823 652 1021 725 suspicabatur
1042 656 1227 715 infinitivum
1246 658 1290 714 λέ·

216 766 295 819 γεινε
315 741 410 814 ὀρθῶς
424 745 476 809 ἔχει
496 738 529 795 ιδ
553 740 656 811 λέγειν,
679 737 819 798 ὃεῖνοιι.
861 740 1006 801 Credibile
1029 756 1124 798 temen
1144 758 1202 805 est,
1226 743 1291 816 ipss

216 831 337 887 subiicit
352 829 400 884 vir
410 827 610 887 doctissimus,
624 824 810 883 itr'looutum
832 836 891 884 esse
904 827 1066 894 Platonem,
1092 843 1126 883 ut
1147 844 1203 885 tres
1224 830 1292 886 infi-

218 918 310 975 nitivi
322 936 383 972 non
396 927 605 979 eonourrerent.
642 912 820 985 Simpliciter
834 916 870 969 ad
891 909 925 966 ου’
939 912 1066 986 intelligi
1087 914 1191 968 malim
1209 913 1291 987 ispi-

220 1024 322 1076 μενον,
345 999 526 1058 ussitidem
549 1019 581 1054 ue
602 1008 797 1072 praegressum
817 997 834 1053 ὃ
852 998 991 1071 λέγουσινι
1021 1015 1050 1055 st
1073 999 1230 1057 articulum
1243 1004 1290 1069 {sic

221 1093 294 1166 poni
310 1103 437 1150 constat,
460 1107 489 1140 v.
507 1105 530 1140 c.
547 1084 586 1140 td
602 1083 656 1138 τῶν
673 1083 784 1139 πολλῶν
798 1099 839 1141 est
858 1086 880 1142 i.
898 1106 927 1162 q.
947 1085 1030 1142 reiro
1050 1105 1072 1142 s.
1094 1086 1244 1157 ἐκεῖνο.Ιὸ
1264 1087 1297 1155 οἱ,

222 1177 324 1234 πολλοὶ
334 1176 456 1248 λέγουσι,
480 1171 516 1226 sl.

241 1298 244 1303 ’
293 1308 323 1360 Ρ.
340 1306 397 1375 167.
415 1296 618 1371 τυφλοῦται
635 1327 668 1342 ·-
687 1294 703 1352 ὅ
720 1297 843 1370 φιλῶν.
884 1302 1029 1359 Sententia
1049 1302 1119 1360 lisso
1139 1324 1155 1358 s
1176 1305 1290 1362 seriori·

224 1394 281 1465 blus
297 1387 485 1463 scriptoribus
498 1385 660 1459 frequenter
674 1387 795 1460 repetitu
808 1402 860 1454 est,
878 1402 912 1443 ut
928 1411 943 1444 a
959 1390 1108 1445 Plutarcho
1123 1390 1291 1449 diser-solui

199 1483 201 1489 ’
225 1494 257 1534 et
276 1477 357 1532 smic.
377 1494 405 1545 p.
427 1476 468 1527 48.
489 1474 523 1526 Ε.
543 1472 576 1529 F.
611 1472 658 1525 De
676 1490 736 1545 osp-
758 1493 794 1528 ex
814 1468 898 1528 inim.
924 1474 1015 1532 utilit.
1041 1498 1067 1549 p.
1085 1494 1128 1548 90·
1145 1480 1180 1534 Δ.
1196 1476 1290 1551 pss..

224 1564 333 1621 Platon.
349 1562 463 1632 Quaest.
479 1579 506 1632 p.
523 1576 596 1611 1000.
610 1559 645 1613 A.
687 1559 790 1615 Galen.
804 1560 840 1614 de
854 1560 943 1617 snirn.
964 1562 1053 1617 sffeot.
1077 1564 1247 1621 oursnd.'1'.
1266 1568 1291 1622 1.

225 1671 256 1726 p.
271 1653 330 1706 552.
349 1649 391 1702 56.
409 1661 477 1721 etp.
494 1646 553 1716 557.
570 1664 608 1699 ιο.
627 1648 692 1702 Bes.
728 1648 854 1721 Longin.
869 1642 977 1706 XLIV.
994 1649 1021 1718 b
1036 1668 1061 1719 9.
1078 1650 1114 1707 sl.

297 1773 359 1832 οῶιι
375 1765 515 1831 uidisse
536 1804 571 1814 —
589 1771 702 1828 οὐδέν.
736 1776 805 1835 vid.
822 1777 858 1830 sd
873 1779 924 1843 IV,
937 1798 961 1848 7.

296 1898 523 1974 αἶσχῶνην-
540 1900 707 1972 πρόσθεν
725 1904 966 1974 ποιούμενον.
1009 1907 1078 1966 Vid.
1094 1909 1164 1975 adl,
1181 1911 1222 1967 15.

298 2031 514 2107 ῶνοὶμνηοιι
550 2033 739 2119 Notaesunt‚
758 2051 827 2105 quss
842 2033 1132 2109 Platoprsecipuein
1143 2038 1296 2097 Phssdous

228 2139 257 2181 et
270 2126 395 2178 Menone
408 2118 526 2198 posuit.
543 2107 701 2172 memoriae
716 2133 745 2173 et
758 2119 919 2176 oblivionis
939 2121 1129 2179 definitiones.
1167 2124 1237 2182 vid.
1251 2127 1300 2181 Fi-

229 2210 313 2264 soher
325 2208 359 2262 sd
376 2204 516 2260 Phaedon.
534 2224 569 2279 ¹p
585 2206 643 2260 515.
662 2224 691 2259 n.
716 2223 755 2259 ιο.
782 2205 855 2263 cod.
879 2208 993 2263 Monac.
1016 2206 1226 2281 ῶπολειποῶοηι.
1260 2214 1294 2267 Ιιι

228 2293 397 2369 praegressis
413 2290 569 2346 verborum
581 2310 632 2360 χρη
625 2289 765 2364 Ηλέγειν
747 2294 992 2364 αναμιμνὴοιιοντα
1001 2296 1162 2352 subiectum
1175 2312 1218 2353 est
1232 2294 1294 2401 psu-

230 2402 301 2439 sons
314 2377 473 2435 indefinita.

301 2505 359 2564 διο
377 2502 424 2576 δή.
459 2505 599 2561 Peniculo
614 2503 656 2560 διό
670 2526 729 2562 uon
742 2496 777 2561 sd
793 2506 841 2574 id,
859 2507 962 2581 quod
951 2528 984 2565 sn
1003 2511 1188 2586 sequentibus
1207 2524 1296 2589 expo·

231 2598 328 2658 nitur,
347 2594 461 2669 spectet,
480 2592 529 2647 sed
544 2593 578 2646 sd
591 2611 769 2667 praegressa:
787 2594 838 2665 χρὴ
849 2595 945 2667 λέγειν,
964 2597 1296 2669 ἑαυτὸνῶναμιμνὴοιιον-

232 2706 288 2741 w:
306 2696 480 2757 quapropter
495 2676 647 2734 dicendum
669 2699 691 2734 s.
712 2681 745 2734 in
767 2683 936 2737 memoriam
957 2685 1152 2743 revocandum
1173 2700 1215 2740 est
1238 2687 1296 2757 (so.

231 2769 388 2848 quodiam
410 2764 575 2834 diximus),
605 2765 667 2820 risu
689 2779 717 2821 et
743 2765 842 2822 dolore
871 2769 966 2824 nimio
993 2772 1193 2827 sbstinendnm
1228 2790 1297 2827 esse.

232 2859 312 2928 Quse
332 2853 449 2927 quidem
469 2850 594 2906 brevitas
615 2850 732 2906 dicendi
758 2851 791 2907 in
808 2853 878 2925 ipsis
902 2854 1018 2913 dicendi
1040 2857 1137 2914 verbis
1160 2856 1296 2921 omnium

231 2943 290 2998 iere
302 2943 466 3011 linguarum
481 2938 599 3013 propria
621 2952 671 2993 est.
712 2940 788 2995 Mox
798 2941 972 2997 vocabulum
991 2944 1111 3001 πῶοαν
1137 2943 1174 2999 ds
1200 2944 1299 3017 glossa·

231 3029 308 3081 mihi
331 3041 492 3098 suspectum
514 3041 570 3088 est,
596 3040 629 3080 ut
644 3022 711 3094 ὅλην
733 3023 908 3096 περιχάρειαν
929 3043 958 3082 et
977 3029 1159 3101 περιωδυνίαν
1185 3028 1296 3101 (l'srbs

231 3113 348 3189 proprie
361 3113 400 3166 itu
411 3111 700 3167 sunteonstituenda:
723 3106 790 3181 ὅλην
804 3119 849 3166 stol
862 3112 1038 3183 περιχάρειαν
1052 3124 1098 3172 οιαὶ
1111 3117 1295 3188 περιωδυνίαν

231 3195 495 3266 ἀποκρυπτόμενον)
524 3199 577 3251 sit:
600 3217 714 3252 ornnem
729 3212 756 3251 et
772 3198 871 3272 gaudii
887 3214 914 3253 et
927 3200 1035 3256 doloris
1047 3201 1294 3275 intemperantiam

135 3296 139 3303 '
232 3289 335 3360 (quem
354 3285 472 3338 seriores
494 3283 630 3338 dixerunt
648 3283 862 3348 nimietatem);
887 3281 955 3353 ὅλην
974 3289 1091 3361 proprie
1112 3303 1168 3342 est:
1197 3309 1294 3345 omnes

230 3369 465 3442 intemperantiae
480 3370 584 3442 species
601 3386 622 3424 s.
643 3371 785 3432 rationes,
812 3372 916 3444 igitur:
942 3374 1085 3446 quidquid
1107 3375 1234 3433 nimium
1256 3394 1296 3433 est

233 3457 265 3512 in
277 3457 383 3527 gaudio
399 3454 447 3510 vel
461 3454 568 3511 dolore.
603 3461 660 3510 Kal
671 3455 849 3530 hyperbaton
859 3458 942 3526 feeit,
958 3458 1021 3514 vid.
1040 3463 1075 3515 sd
1096 3464 1134 3526 Π,
1150 3468 1176 3518 5.
1208 3465 1294 3520 Hsud

232 3544 320 3599 dubie
335 3543 463 3618 apposita
481 3557 538 3596 eret
549 3542 641 3616 glossa
657 3543 750 3595 πᾶσαν
767 3543 814 3596 vel
834 3543 868 3598 sd
885 3538 952 3615 ὅλην
972 3545 1021 3600 rsl
1043 3546 1079 3600 sd
1101 3548 1294 3617 περιωδυνίαν.

231 3645 260 3686 et
273 3643 370 3702 postes
383 3628 416 3680 in
436 3644 566 3682 contexta
588 3628 779 3699 immigravit.
828 3632 933 3685 Contra
952 3632 1094 3705 Stephano
1113 3630 1180 3704 ὅλην
1199 3656 1293 3709 suspe-

131 3735 134 3739 ’
233 3730 313 3770 etum
327 3729 400 3775 erat,
421 3715 498 3784 quod
509 3715 541 3767 in
556 3712 624 3770 ὅλοις
636 3713 742 3767 mutari
757 3714 882 3772 iubebat
919 3718 1003 3773 Tunc
1021 3736 1093 3774 vero
1104 3725 1293 3799 uo'expungi

136 3866 140 3873 „
233 3815 438 3875 oporterst-
460 3801 575 3855 Deinde
596 3821 684 3854 nasot
708 3821 745 3855 τε
765 3799 972 3875 εὐπραγίας
996 3808 1148 3877 respondet
1165 3824 1293 3881 sequenti

232 3896 277 3943 sol
289 3889 361 3943 sord
373 3910 397 3942 τι
397 3886 468 3955 lbet
486 3901 514 3940 et
529 3884 643 3942 verbs
630 3892 728 3956 ιοπιιμέ
727 3908 826 3941 νοο-
792 3888 975 3960 -προίξεοιν
993 3895 1033 3949 its
1056 3894 1223 3967 explicanda
1238 3915 1292 3952 esse

232 3971 621 4065 duco·s1Gemushomsnss
635 3966 725 4029 velin
740 3970 819 4032 felici
839 3990 964 4035 versetur
977 3997 1073 4057 rerum
1094 3995 1183 4043 statu,
1202 3982 1291 4039 rolin

866 4132 869 4146 '
978 4142 1001 4199 Χ
