2670 4778
156 434 172 459 κ
206 415 241 466 50
331 412 334 420 “
490 402 966 465 ANIMADVERSIONES

204 565 288 601 mum
305 546 452 600 ·virtutem
479 542 646 614 respiciens,
677 560 731 602 est:
772 544 854 598 omni
881 542 976 597 studio
1002 540 1050 599 vel
1068 560 1154 598 unum
1172 546 1277 601 solem·

201 634 343 689 virtutem
372 631 534 703 respiciens.
585 632 693 685 Contra
715 627 878 685 τοόοαντιόο
904 628 922 696 η’
938 656 973 671 -·
992 644 1048 683 est:
1084 632 1180 686 omnis
1207 634 1263 687 elis

202 721 323 780 isoieus.
347 737 433 790 quem
453 749 499 777 ·-‚
524 717 552 770 lu
571 736 611 783 α,
650 717 782 770 omnium
803 715 933 769 minime.
967 715 1020 783 Ille
1039 722 1154 771 nerei-s.
1174 719 1262 788 πρότ·

205 828 263 872 τοι,
279 806 377 867 ποιῶν,
398 804 448 868 eb,
473 821 558 875 quae,
591 820 624 859 ut
641 803 734 859 oratio
751 802 914 875 explentur,
941 801 1100 881 intelligere
1119 805 1262 869 debemus,

203 887 420 946 consuetudinis
443 890 493 947 ri,
527 906 560 943 ut
584 890 673 950 solet,
707 884 746 944 its
771 890 908 944 videntur
933 889 1071 958 paulatim
1100 890 1263 946 oblitterata

203 995 277 1041 ase,
308 988 342 1030 ut
356 972 506 1046 loquendi
531 975 597 1029 illue
619 975 759 1030 formulae
785 971 863 1029 οὐδὲν
888 972 954 1027 ἄλλο
973 1004 1006 1014 -
1024 977 1072 1028 oin
1089 975 1154 1030 ἄλλο
1174 975 1199 1044 η’,
1224 978 1260 1031 el.

203 1062 320 1119 tandem
345 1060 547 1116 adverbialiter
574 1061 632 1114 lere
657 1075 884 1135 usurparentur..
903 1059 1044 1115 Similiter
1062 1061 1113 1117 lib.
1132 1065 1169 1122 X.
1188 1078 1212 1127 7.
1232 1082 1260 1133 p.

201 1156 264 1222 895.
281 1149 326 1203 D:
345 1146 405 1215 μῶν
424 1145 512 1201 ἄλλο
530 1145 548 1216 ἢ
565 1178 599 1188 —-
616 1143 817 1217 ὁμολογητέον,
834 1145 972 1223 ebilino
991 1149 1108 1221 proprie
1124 1156 1176 1221 pr'o
1194 1146 1262 1201 ἄλλο

203 1258 233 1291 τι
252 1238 382 1303 ποιητέον,
407 1233 537 1305 positum
564 1247 621 1296 est,
653 1234 701 1287 sed
719 1233 868 1288 notionem
888 1234 945 1289 lere
962 1233 1092 1288 adverbii
1109 1233 1197 1291 cillere
1214 1235 1263 1288 hs·

202 1321 259 1378 bet.
294 1323 435 1375 Praeterea
461 1317 532 1373 libri
560 1320 631 1375 editi
656 1320 763 1374 vitiose
786 1317 829 1373 det
851 1340 918 1375 eum
943 1320 1053 1390 βλέπων
1072 1320 1261 1392 coniungunt,

202 1427 293 1483 quum
312 1407 348 1462 td
365 1403 446 1473 θήσει
462 1405 616 1478 pertiuest;
636 1424 730 1461 sensus
749 1419 790 1460 est
814 1407 907 1460 enim:
941 1406 1011 1477 legis
1036 1405 1111 1461 letor
1136 1407 1259 1476 quoties·

202 1506 314 1565 cunque
337 1491 412 1562 leges
438 1490 557 1551 scribet,
589 1504 654 1564 pree
672 1491 808 1547 omnibus
826 1489 944 1564 reliquis
963 1490 1102 1546 virtutem
1119 1491 1259 1564 respiciet.

199 1581 334 1636 Ceterum
353 1578 388 1632 el.
409 1576 533 1631 Clemens
551 1577 704 1632 Alexandr.
720 1575 779 1634 l.·l.
798 1592 826 1649 p.
843 1586 901 1648 441.
921 1581 1027 1634 Potter.

272 1719 458 1792 πιστότης.
494 1722 679 1795 Heindorfius
701 1723 735 1779 iu
761 1726 886 1798 Speeim.
913 1726 1067 1781 coniector·
1093 1728 1124 1779 in
1149 1726 1258 1787 Platon.

200 1833 231 1890 p.
250 1830 293 1885 29.
312 1807 371 1882 legi
388 1807 512 1863 malebat
529 1805 659 1877 naereses
676 1829 733 1873 tte,
769 1796 847 1882 quoii
868 1811 937 1865 bene
956 1811 1054 1867 reiecit
1072 1812 1211 1866 Bsickhius
1228 1815 1260 1867 in

200 1899 277 1956 Min.
304 1916 332 1971 p.
349 1904 408 1965 94„
442 1892 603 1977 universam
630 1893 768 1950 virtutem
787 1916 906 1951 monens
924 1897 1036 1953 Plutoni
1057 1899 1117 1952 dici
1130 1902 1259 1968 πιστόιη·

201 2008 239 2043 τοι
260 1983 436 2058 generatim,
468 1999 529 2036 nou
561 1977 713 2050 πιοτότητό
744 2002 816 2035 τινα.
859 1983 910 2053 δίο,
929 1978 1045 2038 Procles
1069 1989 1101 2039 in
1123 1984 1205 2039 Polit.
1230 2005 1259 2054 p.

202 2081 278 2143 402:
312 2067 361 2138 τῆς
376 2063 448 2138 ’,ὅλης
473 2065 589 2136 deerit,
619 2064 653 2136 ἣν
682 2064 716 2136 δὴ
734 2065 887 2138 πιστότητα
905 2068 1048 2140 κε’τὶηιιεν,
1079 2070 1197 2143 ἡγεμόνα
1215 2079 1261 2125 καὶ

199 2151 354 2228 αόμβοολσν
372 2186 405 2194 -
425 2151 440 2207 ό
464 2154 516 2225 μὲν
542 2153 592 2225 peip
617 2151 667 2222 την
694 2151 848 2224 πιστότητα
870 2154 920 2224 την
945 2156 974 2211 ἕιι
994 2156 1047 2210 τοῖν
1066 2153 1169 2225 deenen
1186 2158 1274 2231 ninus

200 2242 255 2298 σῶο
289 2239 561 2310 οομπσπληροιμξιησ
594 2237 768 2308 ἀποδέχεται.
795 2238 798 2245 ’
827 2243 965 2312 Apuleius
1000 2242 1145 2298 delebit.
1171 2243 1257 2298 doctr.
1301 2298 1307 2315 .

198 2323 270 2384 Plet.
290 2328 326 2381 Π.
355 2338 442 2399 p.15.
469 2325 512 2381 ed.
539 2324 684 2380 Elmenh.-:
721 2328 802 2381 Hane
828 2326 877 2381 ille
900 2329 984 2384 heros
1009 2328 1150 2384 iustitiam
1168 2332 1257 2389 modo

200 2413 352 2474 nominet,
382 2431 460 2466 nune
490 2412 642 2466 universae
673 2411 790 2468 virtutis
814 2414 1028 2487 nuncupatione
1051 2415 1259 2487 complectitur.

200 2494 230 2554 et
254 2519 322 2555 vere
340 2496 499 2572 fidelitatis
517 2497 658 2553 vocabulo
683 2515 837 2575 nuncupat.
857 2529 891 2541 -
925 2498 999 2555 Mox
1016 2501 1120 2557 Euseb.
1139 2519 1167 2558 et
1186 2505 1257 2559 Cod.
1316 2550 1319 2569 ,

198 2576 286 2642 Puris.
304 2579 338 2656 ip·
357 2604 399 2640 ret
418 2581 470 2639 δικ.
489 2583 523 2638 ἂν
546 2582 601 2638 rel..
640 2583 733 2659 Vulgo
758 2583 791 2654 ἣν
811 2582 863 2641 διιι.
889 2583 923 2639 όν
939 2608 988 2644 τις.
1022 2588 1086 2644 Ald·.
1103 2592 1166 2645 Bss.
1190 2612 1212 2644 ι.
1231 2608 1258 2646 et

198 2688 226 2729 α.
253 2671 385 2742 τετάρτη,
411 2670 526 2724 vitios'e.
568 2670 615 2725 De
633 2672 788 2735 sententie.
811 2672 881 2728 vide
898 2689 1034 2747 sequeutt.
1051 2707 1085 2719 -
1120 2678 1193 2734 eod.
1209 2681 1258 2732 Pa·

198 2756 248 2813 ris·
265 2762 362 2828 pleros
378 2751 461 2828 όμοιι.
1137 2750 1141 2759 ’

612 2931 743 2994 CAP.
785 2935 852 2997 Vl.

218 3112 221 3117 .
245 3070 483 3136 νομοθέτας.
524 3065 611 3121 Libri
643 3066 719 3139 editi
746 3080 776 3120 et
807 3067 922 3124 Fieiuus
954 3070 1189 3143 interrogationis
1219 3073 1255 3126 si·

197 3169 288 3225 gnum
307 3152 419 3208 hebent.

268 3293 341 3352 αἰόλ’
374 3296 467 3368 ἡμᾶς
501 3293 639 3356 αότοόο.
688 3301 776 3355 Lenis
803 3301 835 3355 iu
859 3301 905 3356 his
930 3302 1024 3358 verbis
1048 3305 1147 3359 irrisio
1172 3307 1253 3381 inest.

198 3387 319 3441 Sensuss
357 3385 391 3439 de
408 3385 552 3440 nobismet
569 3385 639 3458 ipsis
658 3386 847 3450 detrahimus,
881 3390 905 3444 si
924 3407 1070 3463 putemus,
1096 3392 1165 3463 legis
1184 3393 1255 3446 leto·

196 3489 241 3526 res
260 3486 316 3523 tem
336 3474 507 3542 praeclaros,
543 3474 636 3541 quales
656 3475 753 3528 Minos
775 3491 802 3528 et
819 3476 969 3547 Lyeurgus
988 3477 1191 3545 perhibentur,
1217 3472 1276 3531 les

197 3575 245 3626 ges
274 3555 396 3617 scribere
418 3557 546 3629 potuisse
570 3558 605 3610 ed
623 3560 716 3612 solum
737 3559 843 3616 bellum
864 3577 1034 3634 spectantes.
1065 3563 1092 3615 l1.
1111 3583 1151 3625 e.‚
1182 3564 1256 3634 legis

174 3641 313 3703 ‘latorem
330 3702 333 3709 .
349 3640 404 3696 hoo
429 3643 548 3696 nomine
573 3644 692 3716 dignos,
723 3645 797 3719 leges
817 3648 1067 3720 scripsissesoiius
1088 3650 1155 3701 belli
1174 3667 1254 3705 caiisa

150 3716 159 3747 i·
196 3727 284 3798 idque
316 3743 368 3796 pro
402 3728 539 3800 primerio
570 3730 702 3786 habuisse
734 3733 906 3806 reipublicae
942 3735 1157 3790 constituendae
1188 3736 1252 3792 line.

195 3814 275 3865 Hunc
304 3811 341 3866 ob
370 3831 483 3867 eausam
508 3815 594 3869 etiem
619 3818 777 3886 βλέποντας
794 3834 822 3873 ot
844 3826 976 3874 τίθεσθαι
994 3840 1046 3890 pro
1071 3824 1253 3892 temporibus

193 3897 353 3967 praeteritis
386 3901 477 3971 posita
510 3918 586 3957 sunt.
628 3904 738 3960 Locum
772 3905 894 3976 respexit
939 3906 1063 3964 Clemens
1096 3907 1252 3961 Alexandr.

126 4059 131 4069 ‚
193 3985 299 4038 suom.
317 3987 341 4050 1,
367 3996 410 4054 25.
438 3988 474 4042 Τ.
495 3980 523 4042 Ι.Ι
543 4008 571 4062 p.
589 3992 650 4062 419.
669 4017 709 4034 ··-
743 3991 878 4047 Ceterum
895 3995 1250 4061 ts's‘ises‘tne,uusdiu1n,
